1800 2934
111 109 142 155 16
346 91 437 144 ODAE.
455 89 477 137 1.
497 87 534 140 17.

110 236 237 297 Compesce
247 235 365 280 nrentem3
383 235 421 268 rue
431 231 525 282 quoque
534 209 632 277 pectoris

145 295 255 347 'tentavit
264 292 290 341 in
300 287 363 337 dulci
372 283 470 348 juvent&

176 362 271 416 Feruor,
283 364 306 402 et
315 355 340 402 in
351 351 434 400 celeres
444 346 534 395 iambos

112 426 182 478 Misit
191 425 321 472 furentem:
338 431 401 464 nunc
412 428 455 476 ego
464 409 561 457 mitibus

22 542 24 547 .
48 506 51 513 “
113 493 209 542 Mutare
219 501 298 552 quaro
307 482 397 539 triatia3
413 478 472 525 dum
482 472 542 521 mihi

146 555 201 605 Fiat
211 550 331 600 recantatis
342 546 416 595 amica

179 615 325 683 Opprobri‘ra,
337 611 489 670 animumque
499 600 587 651 Mulae·

357 821 430 871 ODE
448 818 537 868 xvn.
637 816 639 820 ’

337 969 379 1017 Aa
393 964 561 1029 Tyndaridem.

118 1105 196 1156 Velox
207 1116 323 1151 amoenum
335 1115 395 1162 sape
406 1095 548 1145 Lucretilem
581 1125 584 1131 »

92 1183 95 1191 ¹
118 1171 201 1219 Mutat
212 1169 296 1231 laycaeo
307 1166 412 1221 Faunus,
423 1171 446 1209 et
456 1162 549 1223 igneam

151 1233 264 1281 Defendit
274 1239 376 1279 aestatem
386 1225 480 1290 mpellie

184 1298 267 1360 Usque
277 1295 335 1343 meis
344 1291 482 1357 pluviaeque
492 1292 579 1335 ventae.

121 1363 224 1426 Impune
234 1371 312 1409 tutum
321 1358 364 1422 'per
374 1370 457 1403 nemus
467 1354 561 1400 arbutos

121 1428 239 1488 Quaerunt
247 1427 343 1473 latentes
354 1429 377 1469 et
387 1420 470 1483 thyma
480 1415 552 1464 devia

153 1491 246 1542 Olentis
256 1504 339 1537 uxores
350 1483 442 1533 mariti:

186 1558 212 1605 N
213 1571 238 1604 ec
248 1554 331 1603 virides
341 1557 450 1598 metuunt
461 1546 574 1604 colubras,

122 1624 174 1671 Neu
184 1619 300 1669 martiales
310 1615 421 1665 haeduleoe
431 1612 512 1675 lupos3

61 1734 68 1743 ,
122 1688 258 1749 Utcumque
268 1681 340 1740 dulei,
352 1677 466 1743 Tyndari,
478 1673 557 1724 fistult

155 1750 246 1806 Valles,
257 1756 280 1796 et
291 1747 378 1795 Usticae
388 1741 495 1792 cubantis

189 1812 262 1862 Levia
271 1811 409 1875 personutre
419 1822 482 1855 saxa.

124 1880 160 1929 ln
170 1895 209 1926 me
219 1886 313 1926 tuentur
319 1893 327 1935 ς
345 1875 390 1922 Die
400 1872 474 1936 pietas
485 1883 537 1917 mea

125 1945 160 1994 Et
169 1958 237 1991 musa
247 1940 309 1989 cordi
320 1947 360 1987 eet
389 1938 438 1985 Hic
449 1934 493 1982 tibi
503 1931 570 1995 eopia

159 2005 269 2057 Manebit
279 2004 309 2052 ad
320 2004 416 2068 plenum
426 1999 528 2062 benigno

192 2070 264 2121 Ruris
273 2070 390 2117 honorum
400 2065 511 2128 opulenta
521 2074 599 2110 cornu·

127 2139 178 2188 Hie
187 2137 212 2184 in
222 2134 317 2183 reduett
327 2131 387 2181 velle
397 2128 509 2178 caniculae

128 2201 221 2254 Vitabia
232 2208 298 2258 etue,
310 2208 333 2245 et
343 2196 389 2243 fide
399 2193 462 2241 Teia

160 2267 232 2314 Dices
241 2265 371 2312 laborantes
380 2259 405 2306 in
416 2273 465 2305 uno

100 2348 102 2354 ’
195 2329 326 2391 Penelopen
338 2325 481 2385 vitreamque
491 2318 582 2367 eiroen.

130 2397 181 2445 Hle
190 2391 318 2442 innocentie
328 2387 411 2454 pocula
422 2384 502 2434 berbii

129 2460 210 2511 Dueea
221 2459 265 2505 rub
276 2454 376 2508 umbrae
393 2465 436 2499 nee
447 2446 574 2498 Semeleius

165 2524 228 2573 Cum
239 2521 319 2569 Marte
329 2513 455 2567 confundet
466 2511 595 2575 Thyoneus

197 2584 296 2644 Proelia3
313 2597 354 2630 nec
364 2587 454 2629 metuet
464 2584 597 2640 protervum
