1800 2934
132 139 179 186 102
385 120 502 180 neom.
520 131 543 175 a.

162 268 299 327 Queruntur
309 263 333 310 in
345 262 409 310 silvis
419 276 492 318 aves;
667 290 674 297 .
767 254 796 300 26

130 334 262 394 Fontesque
271 327 374 393 lymphis
385 329 520 389 obstrepunt
529 320 687 380 manantsuus,
789 366 793 371 ,

163 398 262 446 Somnos
273 393 336 458 quod
346 392 428 440 invitet
437 393 506 440 lever·

129 463 174 523 At,
186 475 241 508 cum
251 457 353 506 munitis
363 471 438 505 annus
448 455 559 504 bibemus
570 449 638 499 Jovis

164 527 255 574 Imbres
265 523 375 586 nivesque
385 528 511 584 comparat,
771 512 801 558 ³0
886 576 887 583 ἵ

132 592 186 645 Aut,
196 588 269 637 trudit
280 602 342 635 acres
352 586 407 633 hinc
417 594 440 633 et
450 585 506 632 hinc
515 581 593 631 multi
602 594 658 628 cane

164 656 245 717 Apros
255 654 281 701 in
292 655 408 700 obstantes
419 651 516 714 plagas;

132 721 186 769 Aut
196 719 267 766 amite
276 718 323 766 levi
333 731 384 763 rara
394 714 468 762 tendit
478 713 545 773 retia,

134 815 136 819 ·
167 783 254 834 Turdis
265 781 372 830 edacibus
383 779 464 835 dolos3
536 787 539 792 ·

132 849 250 899 Pavidum
266 863 295 895 ue
305 846 416 907 leporem,
428 852 451 891 et
462 842 576 891 advenam
585 841 669 904 laqueo
679 852 771 902 gruem,

166 915 247 964 Jucun
289 917 366 973 captat
378 907 481 973 premia.
775 901 806 948 36

133 979 197 1040 Quis
207 993 254 1025 non
265 976 390 1032 malarum,
402 989 459 1037 quas
469 987 535 1020 amor
545 984 611 1018 curas
621 969 700 1029 habet,

168 1045 228 1092 Hac
238 1042 298 1089 inter
308 1038 467 1088 obliviscitur?

134 1108 208 1169 Quod
218 1107 239 1156 ei
249 1105 334 1168 pudiea
343 1104 428 1152 mulier
438 1104 463 1150 in
474 1110 564 1164 partem
573 1101 639 1162 Juvet

168 1173 276 1220 Domum
286 1179 356 1234 atque
366 1168 446 1216 dulces
456 1167 549 1225 liberos,
777 1161 807 1208 4⁰
888 1208 890 1279 ἱ

889 1287 890 1315 i

889 1337 890 1372 i

888 1379 890 1411 i

135 1237 234 1304 (Sabina
244 1235 329 1300 qualis,
338 1243 380 1283 aut
389 1239 484 1296 perusta
494 1231 580 1278 solibus

168 1301 272 1350 Pernicis
281 1316 340 1349 uxor
348 1295 453 1363 Appuli)

137 1369 234 1418 Sacrum
245 1374 269 1414 et
279 1365 375 1414 amastis
385 1369 490 1411 exstruat
498 1359 569 1423 lignis
579 1357 659 1406 focum

170 1431 240 1481 Lassi
250 1431 294 1479 sub
305 1430 432 1479 adventum
444 1426 502 1484 viri3

888 1063 890 1106 A

888 1107 890 1129 ι

138 1496 302 1559 claudensque
312 1494 382 1543 textis
393 1492 493 1541 cratibus
503 1489 585 1537 laetum
595 1502 675 1550 pecus,
780 1485 809 1532 45

169 1562 278 1610 nisena
288 1560 356 1608 sicuet
366 1559 453 1613 ubera3

137 1628 172 1677 Et
183 1627 257 1675 horna
268 1624 332 1673 dulci
342 1623 396 1672 vina
406 1635 515 1686 promens
525 1619 596 1677 dolio,

171 1691 254 1754 Dapes
262 1691 362 1738 inemtas
372 1695 483 1751 apperet3

33 1752 36 1756 ⁴
98 1784 101 1787 v
140 1755 198 1803 Non
208 1772 247 1804 me
258 1755 361 1803 Lucrina
369 1751 474 1814 juverint
484 1747 613 1812 conchylia,

172 1820 280 1884 Magisve
290 1820 411 1876 rhombus,
423 1824 465 1864 eut
479 1814 545 1875 suari,
781 1812 812 1858 50

140 1885 167 1934 si
177 1901 235 1949 quos
246 1885 303 1932 Eois
313 1884 418 1931 intonata
428 1881 537 1928 fluctibus

173 1950 258 1998 Hiems
268 1948 298 1997 ad
307 1949 352 1996 hoc
362 1955 435 1996 vertat
445 1960 510 1992 mare
519 1961 533 1990 ε’

140 2018 167 2066 N
167 2030 197 2064 on
208 2013 269 2062 Afra
280 2013 328 2060 avis
342 2010 466 2059 descendat
475 2010 616 2056 inventrem
626 2021 715 2067 meum,

172 2081 229 2128 Non
240 2086 333 2141 attagen
345 2076 439 2124 Ionicus

140 2143 281 2203 Jueundior,
292 2157 364 2206 quam
374 2142 434 2189 lecta
444 2139 474 2188 de
484 2136 643 2203 pinguissimis
784 2137 815 2182 55

174 2210 246 2259 Oliva
256 2208 327 2256 ramis
338 2208 456 2265 arborum,

141 2277 195 2327 Aut
204 2274 276 2322 herba
285 2271 376 2334 lapathi
385 2278 452 2333 prata
463 2269 573 2329 amantis,
581 2276 604 2316 et
614 2267 680 2331 gravi

174 2339 263 2387 Malvae
274 2338 377 2385 salubres
388 2335 486 2396 corpori,

141 2403 189 2453 Vel
199 2416 260 2464 agna
270 2402 334 2449 festis
344 2415 402 2447 caesa
413 2399 595 2459 Terminalibus,

175 2466 222 2514 vel
229 2464 310 2513 haedus
320 2472 412 2527 erepurs
421 2462 488 2526 lupo.
788 2462 819 2508 60

143 2530 196 2579 Has
206 2529 265 2576 inter
276 2529 365 2591 epulas,
376 2536 405 2575 ut
412 2528 481 2588 juvat
491 2536 568 2590 pastas
578 2542 633 2575 oves

176 2591 262 2640 Videre
272 2603 420 2656 properantes
431 2590 528 2638 d'omum
538 2591 544 2638 Ξ

143 2656 230 2705 Videre
240 2654 438 2715 fessosuomerem
449 2655 566 2704 inversum
577 2657 647 2704 boves
