1800 2934
322 86 413 138 ODAE.
429 88 475 137 lv.
496 89 533 136 14.

126 217 197 266 Notis
207 214 300 264 oondite
309 216 375 266 iustis

159 280 260 330 Inelusit
269 281 368 330 volueris
378 281 435 330 dies.

96 343 152 404 Quo
162 345 225 408 fugit
235 345 335 394 Venus?
352 346 414 395 beu!
433 360 509 409 quove
518 346 589 405 color,
604 345 687 394 decens

96 410 151 469 Quo
161 413 261 458 motus?
275 410 333 474 quid
343 411 414 460 hebes
424 410 497 469 illius,
508 409 579 470 illius,

128 475 190 535 Quae
200 474 302 538 spirabat
316 491 413 533 amores,

159 540 222 598 Qure
232 555 270 587 me
282 549 402 604 surpuerat
411 539 480 599 mini,

13 596 15 661 l
96 603 164 655 Felix
175 612 228 666 post
238 604 356 664 Cinaram,
367 613 469 668 notaque
479 611 503 651 et
510 603 596 650 artium

13 664 15 731 l
97 668 233 725 Graiarum,
244 668 333 717 lenies?
351 669 391 717 sed
402 669 494 718 (linare
504 669 584 717 breves

127 732 402 795 memmerunt,

160 798 284 846 Servetme
293 797 334 845 diu
344 813 425 860 parem

95 861 199 910 Cornicis
209 862 292 910 vetule
301 863 442 926 temporibus
453 864 549 927 Lyren3

13 942 15 955 ⁸
96 926 194 974 Possent
204 935 232 974 ut
240 928 336 988 juvenes
347 929 419 976 visere
428 928 520 989 fervidi,

129 991 211 1040 Multo
221 1006 268 1039 non
278 992 328 1040 sine
337 993 393 1053 risu,

159 1054 286 1120 Dilapsam
295 1057 321 1104 in
332 1057 417 1106 eineres
427 1057 510 1106 ieoem.

352 1244 426 1294 ODE
443 1242 517 1296 XIV.

333 1378 375 1428 Ao
385 1380 533 1443 Augustum.

99 1500 159 1561 Quae
169 1516 225 1550 cure
235 1503 343 1562 Petrum,
354 1519 435 1568 quseve
446 1504 584 1565 Quiritium,

99 1566 179 1614 Plenis
189 1566 305 1615 honorum
315 1570 450 1618 muneribus
462 1581 522 1629 tues,

123 1631 243 1695 Auguste,
254 1633 350 1680 virtutes
361 1633 387 1681 in
397 1650 474 1683 aevurn

163 1697 210 1744 Per
220 1697 300 1745 titulos
309 1712 469 1762 memoresque
479 1700 551 1747 fastos

100 1759 227 1808 AEternet?
244 1762 277 1823 0,
289 1762 337 1826 qui
348 1762 382 1810 sol
391 1763 528 1811 habitabiles

100 1824 206 1873 Illustrat
216 1841 276 1886 oras,
287 1826 390 1875 maxime
418 1826 549 1891 rincipumi

130 1889 211 1949 Quem
220 1890 278 1953 legis
288 1900 392 1953 expertes
426 1891 495 1939 utine

163 1953 281 2003 Vindelici
291 1954 390 2004 didicere
400 1971 482 2020 nuper,

100 2017 166 2077 Quid
177 2019 255 2067 Marte
265 2034 359 2083 possesr
376 2021 451 2069 milite
461 2036 517 2070 uam
527 2032 568 2071 tuo

98 2081 192 2133 Drusus
204 2084 337 2144 Genaunes,
348 2085 500 2149 implacidum
510 2103 592 2152 genus,

129 2147 280 2212 Brencosque
290 2149 385 2210 veloces,
397 2160 420 2199 et
430 2155 493 2200 ories

162 2211 267 2275 Alpibus
277 2213 396 2276 impositus
406 2216 530 2265 tremendis

100 2273 316 2341 Dejeeitecerplus
327 2280 375 2328 viee
385 2280 493 2342 simplici.
611 2302 614 2307 ⁴

100 2339 180 2402 Major
191 2342 314 2391 Neronum
324 2359 381 2392 mox
391 2361 461 2408 greve
488 2344 579 2394 roelium

131 2405 264 2466 Commisit,
274 2407 433 2474 immanesque
444 2362 541 2460 Rlaetoe

163 2471 283 2534 Auspiciis
293 2473 383 2536 pepulit
391 2474 511 2532 secundior

100 2534 243 2597 spectandus
253 2537 279 2583 in
289 2538 414 2586 certamine
424 2538 522 2599 Martio,

100 2595 190 2649 Devotu
201 2600 270 2650 morti
280 2610 373 2663 pectora
382 2602 461 2650 liberae

624 2682 641 2714 1
