1800 2934
328 121 420 170 oon.
438 121 489 170 ιιι.
506 123 548 176 ιι.
742 121 774 175 77

99 217 185 316 Teque
195 266 237 299 nec
247 252 320 299 lrevur
332 249 420 316 [vetat]
431 249 550 313 impium,
614 238 615 241 ¹
740 248 770 296 15

8 354 9 357 =
198 316 320 379 Necvoga
330 315 417 364 cornix.

8 386 10 439 i
98 381 147 431 Sed
157 380 230 441 vides,
242 388 330 444 quanto
340 380 439 444 trepidet
449 379 555 428 tumultu

8 456 9 467 ¹
99 447 192 494 Pronus
202 445 293 494 Orion.
311 461 363 508 ego,
375 444 534 508 quideitater

98 509 188 571 Adria,
201 510 264 569 nori,
276 510 348 569 sinuo,
360 519 383 557 et
393 509 529 574 qurdalbur

81 618 86 625 ,
198 574 281 622 Peooet
292 575 380 649 Iapyx.

99 639 212 688 Hostium
222 654 306 686 uxores
315 638 428 703 puerique
438 654 510 688 eaeor

8 704 9 711 ’
98 705 206 754 sentiant
215 711 293 751 motus
304 704 398 752 orientis
410 703 500 764 Austri,
513 713 536 753 et

97 768 244 832 AEquorie
221 783 282 831 rugn
274 768 421 830 fremitum,
432 777 457 817 et
467 776 591 819 tremente

194 832 297 882 Verbere
306 833 376 895 ripae.

97 899 136 947 Sic
146 906 169 946 et
179 898 275 961 Europe
285 897 380 947 niveum
390 897 470 949 doloro

97 962 204 1010 Credidit
213 971 280 1009 tauro
290 962 361 1023 letus,
373 971 397 1010 et
407 971 532 1013 uertentem

97 1028 189 1077 Belluio
199 1035 299 1090 pontum
308 1028 443 1092 mediaeque
452 1027 545 1081 fraudes

194 1091 285 1139 Palluit
294 1092 379 1140 andex.

96 1158 182 1220 Nuper
192 1157 218 1204 iu
228 1156 300 1219 prodr
310 1157 413 1205 studiosa
423 1157 517 1219 florum,
528 1166 552 1207 et

97 1222 190 1272 Debitae
200 1171 245 1269 Np
268 1220 321 1283 phio
325 1221 410 1297 opifex
421 1236 518 1283 ooronae,

97 1286 174 1336 Nocte
185 1236 295 1335 subuehi¹11

97 1416 159 1476 Quae
168 1415 241 1465 simul
250 1423 344 1464 eentum
354 1415 431 1481 tetigit
440 1426 560 1479 potentem

97 1482 154 1546 opp
153 1481 198 1530 idio
209 1481 303 1540 Creten,
315 1480 393 1542 Pater,
403 1481 536 1531 oreliemm

98 1547 166 1595 Filiae
175 1560 270 1606 nomen,
298 1545 320 1594 ie
371 1562 401 1595 ue
412 1546 495 1612 (dixit)

195 1561 339 1659 Viondiror
321 1553 372 1659 mi

97 1676 177 1736 Unde,
188 1690 237 1739 quo
247 1675 318 1723 veni?
335 1675 393 1725 levin
403 1692 451 1725 una
461 1692 526 1726 mors
535 1686 570 1726 ιιι

98 1741 226 1804 virginum
236 1739 319 1801 culpae
346 1741 487 1816 Vigilannne
496 1742 564 1803 ploro

100 1806 181 1870 Turpe
191 1804 359 1853 commissum?
375 1821 406 1853 an
417 1805 479 1853 rin'ie
490 1814 604 1865 carentem

194 1868 286 1918 Ludit'
278 1884 358 1932 imago

99 1936 178 1994 Vana,
190 1950 252 1998 quae,
263 1934 331 1995 pond
341 1934 434 1998 fugiens
444 1935 543 1995 ebnmd,

98 1969 224 2049 Somnium
234 1998 317 2047 ducit?
334 1999 448 2048 meliusne
458 1999 544 2047 fluctuo

98 2066 136 2114 Ire
146 2080 189 2127 per
198 2064 281 2126 longos
290 2061 345 2125 fuit,
356 2080 387 2112 on
397 2072 500 2114 recentes

155 2129 298 2191 Carpere
307 2128 391 2178 flores?

98 2195 124 2243 si
134 2194 195 2269 quis
199 2192 312 2241 infamem
322 2193 382 2241 mihi
391 2209 455 2242 nuno
463 2196 591 2256 juvencum

99 2257 195 2307 Dedot
187 2265 269 2315 ιιιιι·
286 2257 385 2306 lnoerare
395 2212 473 2307 ferroJ
466 2269 490 2308 et

99 2323 215 2387 Frangere
226 2322 299 2369 enitar
309 2323 379 2370 modo
389 2323 493 2372 multum
503 2324 576 2373 amoti

195 2387 290 2436 Cornua
300 2388 404 2435 monstri.

98 2453 228 2516 Impudens
238 2450 298 2515 liqui
307 2453 392 2515 patrios
402 2462 510 2516 penaten

100 2517 230 2580 impudens
241 2516 331 2566 Orcum
341 2532 424 2566 moror.
449 2518 488 2567 οι
501 2515 608 2565 Deorum

100 2582 125 2629 Si
137 2583 189 2647 quis
199 2582 250 2629 horo
259 2580 335 2639 audis,
346 2581 438 2629 utinam
448 2582 509 2629 inter
518 2594 592 2629 errem

200 2646 274 2694 Nuda
283 2614 360 2693 leories
369 2646 375 2692 i

596 2720 616 2753 rr
628 2708 643 2751 3
