1800 2934
284 75 476 129 nrlsromn.
494 78 531 128 11.
548 80 571 127 2.
717 78 766 128 229

88 208 163 270 Qun,
173 205 254 273 priscis
263 216 392 256 memoratu
401 207 530 256 Catonibus
541 216 611 272 etque
622 206 742 271 Cethegis,

88 274 165 326 Nunc
174 273 233 320 situs
242 271 348 320 informis
357 272 442 336 premit
453 282 476 320 et
486 272 576 321 deserte
586 281 701 321 vecutus:
716 272 763 319 118

89 335 214 387 Adsciscet
224 352 292 397 nove,
304 352 358 401 quse
367 336 458 401 genitor
467 336 603 399 produxerit
613 352 677 385 usus.

90 403 225 452 Vehemens
235 409 259 450 et
269 400 381 464 liquidus,
392 416 498 465 puroque
509 401 642 449 simillimus
652 400 725 461 amni,

89 467 187 515 Fundet
196 482 259 530 opes,
270 465 414 530 Latiumque
423 465 502 514 beabit
512 466 584 514 divite
592 466 690 529 lingunt
706 466 761 534 Ι121

90 531 250 580 Luxurinntie
260 539 403 594 compescen
418 530 489 579 nimis
499 546 580 593 aspere
591 545 647 579 senc

90 596 194 645 Levcbit
204 596 268 644 cultu
276 611 284 652 ς
301 594 387 646 virtute
397 593 498 644 curentin
507 596 584 643 tollet:

91 660 209 709 Ludentis
219 660 318 723 speciem
328 657 408 717 dobit3
426 669 450 708 et
460 659 612 724 torquebitur,
624 669 651 708 nt
661 660 704 725 qui

91 726 166 774 Nune
176 726 295 788 Satyrum,
306 740 369 774 nune
377 735 494 790 ¹ugrestem
506 725 609 790 Cyclopa
619 739 731 775 movetur.

91 794 109 853 1
118 789 265 837 Praetulerim
276 789 371 851 scriptor
382 790 469 838 delirus
479 791 587 854 inersque
598 790 679 848 videri,
717 790 764 838 lrc

87 855 160 922 llum
170 869 223 902 mee
232 853 345 902 delectent
354 855 418 903 mule
427 870 475 914 me,
486 855 524 904 vel
534 855 634 918 denique
643 855 735 916 fallunt,

89 919 174 979 Quem
185 934 272 982 sapere,
284 926 307 965 et
317 917 385 980 tingi.
407 920 465 966 Fuit
475 920 538 968 hnud
547 919 657 983 ignobilis
665 920 747 984 Argis,

91 984 144 1044 Qui
154 999 179 1032 se
189 982 295 1032 credebat
305 982 377 1030 miros
386 983 467 1031 audire
477 985 598 1047 negandos,

89 1049 122 1098 In
133 1064 205 1097 meuc
215 1048 284 1096 lutus
294 1061 367 1095 sessm
376 1048 515 1125 plausorque
525 1049 628 1106 theetroc
717 1048 764 1098 ltu

92 1114 183 1162 Cetera
193 1113 235 1178 qui
245 1112 299 1161 vite
309 1121 409 1161 servaret
417 1127 499 1161 munta
509 1122 570 1162 recto

4 1230 6 1233 ,
91 1180 177 1235 More;
195 1180 272 1227 bonus
283 1192 338 1226 sene
347 1176 444 1238 ricinus,
457 1178 563 1226 amabilis
572 1178 665 1243 hospes,

92 1244 173 1293 comis
183 1243 207 1290 in
219 1258 325 1302 uxorem,
337 1251 413 1318 posset
424 1242 466 1307 qui
476 1241 592 1306 ignoscere
601 1245 681 1305 servis,

89 1308 125 1356 Et
136 1309 203 1372 signo
212 1307 267 1355 luco
277 1322 327 1355 non
335 1306 436 1355 mseuire
445 1307 551 1369 legenter

51 1373 54 1380 ¹
88 1374 175 1421 -Posset
184 1372 227 1448 qui
236 1388 320 1434 rupem
330 1380 355 1420 et
363 1379 462 1435 puteum
472 1371 545 1426 uitare
555 1381 681 1436 petentem.
716 1373 762 1420 135

91 1438 150 1495 Hic,
161 1439 212 1495 uin,
224 1445 375 1500 cognotorum
386 1437 469 1500 cpssrus
480 1437 587 1501 curisque
597 1438 704 1498 reiectm,

89 1502 194 1566 Expulit
203 1501 320 1550 helleboro
329 1503 439 1552 morbum
449 1500 568 1568 bilemque
577 1519 677 1564 meraco,

89 1566 125 1614 Et
135 1567 195 1615 redit
205 1567 236 1615 cd
246 1582 296 1614 sese
302 1583 311 1624 ς
328 1566 382 1625 Pol,
394 1582 432 1615 me
442 1566 565 1627 occidistis,
577 1567 655 1628 amici,

90 1632 148 1686 Non
159 1631 274 1688 servistis,
285 1630 334 1688 eit3
352 1631 391 1679 cui
401 1631 434 1678 sic
444 1641 534 1680 extorts
543 1633 658 1696 voluptas,

89 1695 125 1744 Et
135 1696 228 1745 demtus
237 1710 279 1758 per
289 1697 338 1743 vim
349 1696 433 1743 mentis
443 1696 587 1758 grudssimus
597 1713 666 1746 error.
718 1696 764 1744 lto

89 1765 107 1824 1
118 1761 240 1810 Nimirum
251 1775 330 1823 sapere
341 1769 375 1807 est
385 1760 480 1820 abjectis
490 1760 548 1808 utile
558 1761 637 1825 nugis,

90 1827 126 1875 Et
136 1825 300 1889 tempestivum
310 1823 387 1887 pueris
398 1824 519 1873 concedere
528 1825 627 1884 ludum;

87 1892 130 1940 Ac
140 1906 188 1939 non
198 1892 267 1939 verbu
278 1888 344 1952 sequi
353 1888 439 1938 fidibus
448 1889 591 1938 modulando
601 1891 702 1951 hunnis,

90 1956 138 2005 Sed
148 1971 208 2004 verae
218 1968 373 2018 numerosque
382 1953 511 2018 modosque
521 1954 618 2004 adime
628 1956 689 2006 vitm.

90 2020 208 2081 Quocirca
216 2034 310 2068 mentm
319 2018 402 2083 loquor
411 2018 470 2078 hoc,
481 2020 610 2085 uncisque
619 2021 740 2079 recordere

90 2086 117 2134 Si
128 2085 171 2134 tibi
181 2084 247 2132 nullo
257 2083 320 2132 sitim
330 2082 408 2132 finiret
418 2084 485 2148 copie
494 2084 545 2149 lym
560 2086 607 2145 hie,
717 2087 763 2135 146

91 2150 207 2199 Nnrreres
217 2148 320 2197 medicis.
345 2148 426 2209 Quod,
438 2158 529 2214 quunto
536 2102 605 2215 §urs
617 2152 715 2213 puristn

92 2215 172 2264 Tanto
182 2214 250 2277 pluro
261 2213 335 2278 cupis,
347 2214 437 2263 nulline
446 2215 538 2263 faterier
548 2215 637 2264 nudes?

91 2281 118 2328 Si
129 2279 215 2328 vtrlnus
225 2277 268 2326 tibi
278 2278 407 2326 monstrati
416 2280 493 2327 radice
503 2280 540 2328 vel
550 2280 623 2328 herbi

91 2345 149 2393 Non
159 2343 225 2392 fleret
233 2342 323 2399 levius3
339 2342 440 2407 fugeres,
451 2343 528 2392 redice
538 2345 575 2392 vel
585 2344 658 2393 herbd
717 2347 765 2396 lto

91 2408 231 2458 Proficiente
241 2406 309 2467 nihil,
321 2408 437 2456 runnu?
459 2408 585 2467 Audiens,
597 2409 636 2457 cui

88 2474 154 2522 Rem
164 2472 200 2520 ln
210 2470 327 2532 dunin-int,
338 2472 374 2520 illi
384 2471 493 2522 decedere
502 2488 599 2537 pravum

88 2538 235 2594 stultitiam
252 2550 284 2597 et,
295 2552 350 2586 cum
361 2537 392 2585 sis
402 2537 476 2586 nihilo
486 2536 618 2601 sapientior,
628 2555 659 2587 ex
669 2555 717 2603 qno

91 2604 237 2661 Plenicr'es3
253 2610 333 2651 temen
343 2599 415 2651 uteris
423 2602 578 2652 monitoribus
588 2602 680 2663 isdem?

599 2680 618 2715 x
