1800 2934
291 60 482 144 BPlssqnm
498 60 521 108 1.
538 62 562 114 2,
715 59 759 110 tul

89 189 149 250 Qui,
161 189 263 238 domitor
273 189 361 251 hoie,
372 190 501 237 multotum
512 186 621 250 providus
631 188 700 235 urbes
730 187 761 236 ls

89 256 122 303 Et
132 270 210 303 mores
220 255 343 302 hominum
353 255 470 317 inspexit3
487 253 608 315 letumque
620 268 662 316 per
672 266 760 315 equor,

88 319 156 367 Dum
167 320 221 377 sibi,
232 320 291 367 dum
301 319 375 377 sotiis,
386 318 488 366 reditum
498 325 572 381 punt,
583 332 665 380 espen
674 317 751 364 multo

88 384 199 442 Pertulit,
210 384 312 432 adversis
321 399 400 431 rerum
410 381 573 429 immersabilis
582 381 658 429 undis.

89 447 199 497 Sirenum
210 464 277 496 vooes
287 458 311 496 et
321 449 394 496 Circe
403 447 488 510 poculo
498 446 574 501 nbsti3

88 512 151 572 Quo
160 514 181 560 si
191 528 246 561 eum
257 513 323 560 sociis
332 513 417 560 stultus
427 511 572 575 cupidusque
581 508 684 568 bibisset,

88 577 138 625 Sub
149 577 246 625 dominis
255 577 373 626 meretrice
383 575 464 624 fuisset
474 575 549 638 turpis
559 582 582 622 et
592 587 684 632 extors3
728 576 761 622 25

87 640 195 690 Vixisset
204 642 268 691 oanis
278 641 422 699 immundus,
433 641 472 689 vel
482 639 557 687 emico
567 638 618 685 luto
628 653 674 686 sus·

87 706 141 754 Nos
150 720 263 754 numerus
272 722 362 764 sumus,
374 715 397 753 et
406 705 486 768 fruges
495 717 631 754 oonsumete
640 702 698 762 neti,

87 771 173 833 Sponsi
184 771 315 834 Penelope,
327 770 463 829 nebulones,
474 769 616 830 Alcinoique

87 835 118 882 In
130 844 184 883 cute
194 836 296 883 cursndb
306 836 360 911 plus
370 850 437 898 aequo
446 842 540 898 operate
548 834 675 895 juventus3

87 899 136 947 Cui
145 899 271 963 pulchrum
281 899 362 947 sustin
371 899 459 947 medios
469 898 568 947 dornsire
578 896 637 954 dies,
648 905 671 945 st
727 898 760 945 30

87 964 131 1011 An
142 965 264 1027 strepitum
275 964 368 1011 citliere
378 972 490 1011 mmmm
502 962 585 1011 ducere
595 977 683 1010 eurem.

87 1028 124 1075 Ut
132 1028 242 1090 jugulent
252 1028 380 1086 hominu,
391 1036 491 1090 surgunt
501 1026 531 1075 ds
541 1036 607 1076 nocte
616 1026 732 1084 lutronss3

87 1092 124 1140 Ut
134 1101 158 1140 te
168 1093 246 1156 ipsum
256 1108 340 1152 serves,
351 1107 399 1140 non
409 1092 588 1155 expergisceris?
605 1091 670 1154 stqin

87 1155 114 1204 Si
125 1157 191 1205 noles
199 1173 278 1213 sonus,
290 1173 367 1206 curres
376 1156 533 1220 hydiopiousz
551 1168 582 1214 et,
594 1156 619 1203 ni

87 1220 173 1269 Postes
182 1229 236 1270 ente
246 1222 308 1270 disin
318 1222 405 1269 librum
416 1236 471 1267 cum
481 1219 579 1278 lumine,
591 1221 668 1268 sinon
726 1222 759 1269 35

86 1284 199 1333 Intendes
209 1286 315 1335 animum
325 1285 408 1334 smdiis
418 1293 442 1332 et
451 1286 521 1332 rebus
531 1284 641 1342 honestis,

86 1348 183 1397 Invidit
193 1352 230 1398 vel
240 1366 317 1398 umore
327 1349 384 1412 vigil
394 1350 536 1412 torquebere.
562 1349 626 1396 Nsm
634 1366 683 1409 our,

86 1413 149 1473 Quae
160 1413 250 1463 laedunt
259 1414 362 1473 oenum,
373 1413 469 1461 festum
478 1411 584 1469 dentem
601 1413 621 1461 si
631 1413 689 1480 quid

84 1477 132 1526 Est
142 1479 257 1538 animum,
269 1479 346 1526 differs
356 1478 452 1526 ouandi
462 1486 554 1541 tempus
564 1477 590 1525 in
600 1482 709 1528 sunum?

84 1542 531 1608 Dimidiumfamquiooepiehsben
548 1541 759 1605 soperesuie34⁰
839 1564 844 1584 ι

85 1607 177 1670 Incipe
200 1607 251 1665 Qui
260 1617 321 1655 reete
329 1608 423 1656 vivendi
432 1617 542 1671 pinrogst
551 1607 641 1668 horam,

84 1671 200 1720 Rusticus
209 1681 326 1735 exspeotst
335 1670 393 1719 dum
403 1672 491 1719 defluat
501 1672 576 1719 omnis
585 1691 593 1732 ς
610 1682 636 1721 st
645 1674 686 1722 ille

85 1735 196 1796 labitur,
208 1745 231 1785 et
240 1737 331 1785 labetur
340 1736 365 1783 in
375 1751 445 1783 omne
456 1736 563 1786 volubilis
573 1751 657 1786 utum.

83 1798 207 1858 Qu'aeritur
216 1809 347 1864 orgeistum,
357 1801 482 1863 puerisque
491 1801 559 1848 bssts
569 1803 672 1852 meandis

84 1864 169 1920 Uxors
187 1873 210 1913 et
219 1866 312 1914 inculte
322 1872 434 1929 poountnr
444 1879 536 1912 vomere
546 1865 617 1915 silvo.
725 1867 758 1916 lb

83 1928 159 1987 Quod
169 1929 224 1977 estis
234 1939 277 1988 est,
288 1930 326 1979 cui
336 1929 440 1992 oontigit,
454 1929 492 1977 hic
504 1929 563 1977 nihil
573 1932 675 1996 emplius
685 1939 756 1997 optet.

84 1993 144 2040 Nou
155 1993 238 2042 domus
247 2004 271 2042 et
280 1994 376 2053 fundus,
387 2008 435 2042 non
445 1993 498 2042 teris
507 2010 602 2045 eoervus
612 2006 636 2045 st
646 1996 706 2058 ouri,

83 2056 187 2120 AEgroto
196 2058 284 2106 domini
294 2058 392 2107 deduxit
400 2074 495 2122 corpore
504 2058 587 2121 febres,

84 2122 144 2169 Nou
155 2122 234 2171 animo
243 2139 316 2172 ouras
343 2124 427 2173 Veleet
437 2139 560 2187 possessor,
571 2135 669 2190 oportet,

83 2183 113 2234 Si
122 2187 272 2251 oomportstis
281 2190 351 2236 rebus
361 2190 420 2237 bene
429 2189 515 2251 cogitet
525 2190 567 2238 uti.

82 2250 136 2309 Qui
147 2251 212 2314 cupit
221 2260 263 2299 out
272 2253 363 2311 metuit,
373 2254 441 2313 juvat
450 2253 519 2300 illum
530 2254 563 2302 sie
572 2253 656 2303 domus
667 2262 690 2302 et
700 2268 745 2316 res,

83 2315 121 2362 Ut
130 2315 223 2379 lippum
233 2316 301 2393 pisto
310 2318 404 2374 tubulse,
416 2317 519 2365 fomente
529 2318 665 2381 posim,

81 2379 212 2428 Auriculns
221 2381 315 2429 cethem
325 2381 420 2430 solleett
429 2380 496 2430 sorde
505 2380 616 2430 dolentes.

84 2443 405 2510 Sinoemmestuinvmqn
524 2446 757 2508 embsndmsoesoit

83 2508 174 2572 Sperne
184 2510 328 2575 vobiptntssz
345 2518 485 2559 musteum
581 2512 695 2576 voluptss.
724 2514 756 2561 bb

83 2573 352 2638 Soupersvsrossgetz
370 2575 674 2640 eertumvotopeteflnem.
