1800 2934
312 104 403 162 01)AEss
420 113 467 163 1v.
483 116 511 164 9:

70 272 73 276 Δ
105 244 245 306 vivuntque
255 241 372 290 commissi
382 243 467 290 colores

12 312 14 319 ’
138 308 226 356 AEolies
236 305 321 355 fidibus
331 305 423 370 puello.

12 366 14 399 ἶ
80 373 133 422 Non
144 372 194 421 sols
205 379 293 419 comtos
304 370 359 419 arsit
369 370 470 419 adulteri

78 437 164 498 Crines,
177 445 201 485 et
211 451 295 483 surum
305 435 407 484 vestibus
417 435 505 484 illitum

12 538 14 555 ι
106 502 204 561 mnas,
216 500 350 563 regalesque
360 500 446 560 cultus,
504 546 506 551 ,

12 612 13 615 ,
138 566 175 614 Et
184 565 287 624 comites,
299 564 390 613 Helene
400 565 517 624 Lscaens3

12 662 13 687 ³
79 631 200 679 Primusve
213 628 390 678 TeucertelsC
407 630 478 680 dnnio

12 752 13 759 χ
78 694 251 744 Direxitarcuz
269 708 374 742 nonsem
408 694 466 744 Ilios

107 760 217 809 Vexata:
235 759 500 823 nonpugnsvitingens
559 798 561 801 ,

140 823 283 872 Idomeneus
294 823 445 872 Sthenelusve
456 826 519 873 solus

79 888 185 945 Dicendo
195 887 274 936 Musis
284 887 381 951 proelie3
398 900 445 936 non
456 889 522 938 ferox

12 966 14 1019 t
80 954 175 1008 Hector,
186 953 224 1001 vel
234 967 286 1000 oeer
295 951 443 1015 Deiphobus,
454 969 535 1018 meses

109 1017 212 1081 Excepit
221 1017 280 1064 ictus
291 1031 334 1079 pro
344 1017 434 1079 pudicis

142 1081 291 1143 Gonjugibus
301 1081 425 1144 puerisque
435 1082 532 1144 primus.
604 1108 608 1117 ·

79 1146 167 1196 Vmbro
178 1146 247 1194 fortes
258 1154 311 1193 ante
321 1145 346 1192 Α
402 1160 503 1193 emnons

81 1211 170 1268 Multi3
189 1210 230 1258 sed
240 1225 320 1257 omnes
331 1209 337 1219 ⁴
436 1210 508 1259 ubiles

12 1320 14 1325 .
111 1276 233 1338 Urgentur
243 1273 362 1338 ignotique
372 1275 443 1338 longi

12 1394 14 1399 ,
144 1340 231 1400 Nocte,
242 1348 320 1387 curem
330 1339 386 1402 quis
396 1348 529 1388 vstesecro.

81 1403 185 1452 Paulum
197 1402 294 1466 sepulte
304 1402 375 1451 distet
385 1404 474 1453 inertius

12 1510 14 1519 .
82 1468 163 1517 Celata
173 1468 254 1516 virtus.
277 1467 334 1515 Non
346 1470 493 1531 egotemeis

111 1532 206 1582 Chattis
216 1532 349 1580 inornatum
360 1533 439 1590 silebo,

144 1598 223 1646 Totve
233 1605 286 1644 tuos
296 1597 370 1660 pstisr
379 1597 469 1647 labores

82 1661 120 1709 Im
136 1677 193 1721 une,
205 1661 278 1720 Lolli,
290 1676 381 1725 corpere
391 1662 475 1712 livide-s

82 1678 227 1774 Obiiviones.
249 1725 294 1774 Est
304 1727 396 1774 enimus
407 1727 450 1775 tibi

112 1792 252 1854 Rerumque
261 1789 373 1854 prudens,
384 1799 407 1838 et
418 1791 524 1839 secundis

145 1855 305 1918 Temporibus
315 1854 438 1918 dubiisque
448 1868 524 1904 rectus
532 1873 540 1913 3

81 1919 177 1968 deex
188 1935 263 1967 avere
273 1917 370 1975 fraudis,
382 1926 405 1965 et
415 1921 534 1969 abstinens

81 1982 195 2033 Ducentis
206 1983 237 2030 ed
247 1999 271 2031 se
281 1992 364 2031 cuneta
374 1985 495 2046 pecuniae3

112 2048 250 2112 Gonsulque
260 2062 307 2095 non
318 2047 389 2095 unius
399 2050 464 2110 snni,

145 2113 194 2162 Sed
205 2112 295 2176 quoties
304 2114 380 2160 bonus
391 2121 461 2178 utque
471 2114 533 2163 fidus

82 2177 163 2226 Judex
174 2177 303 2225 honestum
309 2177 412 2240 praetulit
421 2178 484 2240 utili,
496 2188 519 2229 et

83 2241 174 2303 Rejccit
184 2241 232 2289 alto
242 2241 304 2288 dona
314 2242 446 2291 nocentium

114 2306 202 2365 Vultu,
214 2313 237 2353 et
247 2320 288 2368 per
298 2307 415 2355 obstantes
425 2315 528 2357 coterves

147 2370 273 2434 Explicuit
283 2385 326 2418 sus
336 2369 408 2418 vietor
418 2387 492 2419 snus.

85 2434 139 2482 Non
148 2433 307 2498 possidentem
317 2434 392 2481 multa
402 2439 519 2487 vocaveris

87 2498 157 2548 Recte
166 2501 279 2556 beetum3
296 2498 379 2546 rectius
390 2508 488 2564 occupat

116 2564 212 2612 Nomen
222 2563 294 2622 been,
305 2562 348 2627 qui
358 2562 467 2611 Deorum

148 2627 291 2677 Muneribus
302 2626 416 2691 sopientes
426 2629 471 2689 uti,
