1800 2934
300 110 446 175 serrum.
463 114 485 160 1.
502 115 526 162 a.
703 110 748 166 ιη

18 272 20 277 ,
78 239 235 306 [Conpositi]
245 239 473 301 meliuscumBitlso
480 239 609 289 Beothius:
621 239 646 287 in
655 240 696 301 jus
718 239 750 287 90

76 309 154 363 Aures
164 313 311 368 procurrunt,
322 319 435 368 magnum
445 305 603 367 spectaculum
613 313 717 369 uterque.
756 346 757 349 ,

80 371 177 419 Persius
187 370 283 434 exponit
293 384 401 417 eausam:
419 368 508 416 ridetur
518 371 548 416 ab
558 369 622 416 omni

79 435 218 492 Conventu3
235 434 315 482 laudat
327 435 440 489 Brutum,
451 433 578 496 laudatque
588 433 719 490 eohortem

79 500 157 549 Solem
169 499 236 547 Asia
246 500 349 546 Brutum
360 498 477 561 appellat,
495 498 618 560 stellasque
629 499 730 545 salubres

78 562 194 628 Appellat
204 564 307 621 comites,
319 571 414 626 excepto
425 563 507 624 Rege3
525 577 606 609 canem
614 561 691 621 illum,
718 563 750 609 25

79 629 188 684 Invisum
198 627 302 690 agrioolis
311 628 384 685 sidus,
394 627 498 675 venisset
515 629 605 686 ruebat,

79 692 182 740 Flumen
193 701 220 739 ut
229 692 361 751 hibernum,
373 691 445 740 fertur
456 706 504 756 quo
514 707 566 739 rara
576 688 666 738 securis.

81 757 146 805 Tum
158 756 322 817 Praenestinus,
334 757 393 805 sslso
402 757 525 820 multoque
535 755 616 803 fluenti

80 822 199 883 Expressa
209 823 309 880 arbusto,
320 822 404 884 regerit
414 821 523 881 oonvieia,
535 820 607 868 durus
678 856 685 865 .
749 875 751 879 ,

80 885 251 944 vindemiator,
263 894 286 932 et
296 885 410 941 invictum
423 886 461 933 tui
471 901 532 949 saepe
542 885 616 933 viator
717 884 750 932 30

82 951 200 1009 cessisset,
211 949 298 1011 magnb
308 950 449 1013 compellans
460 966 514 998 voee
524 950 650 998 cucullum·

80 1015 116 1062 At
127 1015 231 1073 Graeous,
241 1022 364 1077 postquam
375 1023 409 1063 est
419 1015 482 1063 Italo
492 1014 599 1077 perfusus
609 1021 681 1074 sueto,
738 1064 741 1069 Δ

82 1079 176 1126 Persius
187 1078 309 1137 exclamat,
321 1079 367 1127 Per
377 1094 482 1141 magnos,
494 1078 577 1139 Brute,
588 1078 661 1140 Deos,
673 1087 696 1126 te

83 1142 141 1203 010,
153 1143 195 1206 qui
205 1158 269 1205 reges
280 1143 396 1191 consueris
406 1143 494 1201 tollere,
505 1159 547 1192 our
556 1158 604 1191 non

82 1207 154 1255 Hunc
171 1207 261 1269 Regem
276 1208 389 1270 jugulus?
412 1222 509 1271 operum
524 1207 577 1267 hoc,
598 1208 658 1258 mibi
676 1207 750 1319 eroge,

177 1279 272 1319 tuorum
283 1281 325 1320 est
732 1277 748 1320 5

302 1467 434 1517 snusstn
451 1468 527 1517 VIII.

220 1599 253 1644 Is
264 1598 443 1658 Saperrtltmsot
454 1603 478 1643 et
491 1596 610 1658 Vesaestcas

81 1721 148 1770 Olim
158 1730 255 1772 bruneus
264 1740 327 1772 eram
338 1725 444 1780 ficulnus,
456 1723 539 1771 inutile
548 1724 655 1786 lignum3

83 1787 145 1835 (lum
154 1787 228 1847 faber,
239 1788 338 1837 incertus
348 1798 469 1837 scamnum
479 1788 592 1835 faceretne
602 1786 725 1850 Priapum,

82 1849 171 1900 Maluit
181 1866 231 1903 esse
238 1852 324 1901 Deum.
337 1853 403 1901 Deus
410 1853 465 1900 inde
473 1866 524 1914 ego,
535 1851 616 1900 ferrum
625 1852 751 1917 aviumque

82 1906 193 1964 Maxima
202 1917 314 1974 formido;
331 1933 387 1966 nam
397 1918 460 1966 fures
469 1917 551 1965 dextra
558 1922 652 1979 coercet,

82 1978 243 2044 Obscoenoque
252 1984 321 2031 ruber
331 1992 447 2045 porrectus
458 1985 488 2031 ab
498 1982 593 2045 inguine
602 1983 670 2047 palus
676 2001 685 2042 ;
734 1984 750 2027 ὅ

81 2045 128 2092 Ast
138 2045 283 2107 importunas
293 2047 395 2096 volueres
406 2046 430 2095 in
441 2047 524 2099 vertite
534 2048 623 2096 unundo

84 2108 166 2157 Terret
176 2110 233 2171 fixa,
245 2121 351 2175 vetatque
361 2112 427 2161 novis
437 2112 552 2163 considere
562 2113 587 2159 in
597 2112 676 2160 hortis.

83 2172 140 2223 Huc
150 2175 215 2237 prius
226 2177 329 2238 angustis
339 2178 410 2238 ejecta
420 2178 530 2227 cadavera
540 2177 603 2226 cellis

83 2237 214 2287 conservus
225 2239 265 2288 vili
275 2242 388 2304 woerda
397 2243 487 2291 loosbat
496 2242 522 2289 in
532 2242 593 2290 aret.

83 2302 138 2350 Hoc
148 2304 239 2357 miserae
248 2306 311 2367 plebi
322 2308 397 2354 stabat
406 2322 530 2356 commune
540 2306 679 2369 sepulerum,
721 2303 751 2351 1⁰

83 2366 214 2414 Pantolabo
224 2384 315 2430 scurrae,
326 2371 521 2435 Nomentanoque
531 2369 615 2433 nepoti.

84 2430 155 2478 Mille
166 2431 237 2494 pedes
246 2434 271 2480 in
281 2435 365 2495 fronte,
376 2443 488 2485 trecentos
498 2435 580 2500 cippus
590 2433 616 2480 in
626 2447 709 2496 agrum

84 2495 134 2547 Hic
145 2495 230 2553 daban
247 2498 347 2560 baeredes
357 2501 528 2551 monimentum
538 2513 568 2546 ne
578 2505 717 2561 sequeretur.

84 2558 110 2605 N
111 2574 158 2607 unc
168 2560 222 2608 licet
231 2561 344 2637 Esquiliis
354 2563 458 2613 habitare
468 2563 607 2622 salubribus,
619 2570 689 2625 atque

82 2623 180 2687 Aggere
191 2625 216 2671 in
227 2641 304 2688 aprico
314 2628 416 2691 spatium,
427 2643 475 2692 quo
485 2627 554 2676 modo
564 2626 639 2674 tristes
724 2626 754 2671 15
