1800 2934
264 127 312 177 DE
328 126 426 177 Anne:
443 125 608 178 ΡΟΕΤΙΟΑ.
723 122 774 169 235

22 273 27 278 ’
99 261 159 309 Non
169 258 225 307 setis
235 267 270 307 est
278 257 376 322 pulchre
385 271 434 306 esse
443 257 568 321 poimuts3
584 254 663 304 dulcis
672 260 751 312 muto,

100 324 143 383 Et,
155 337 303 388 quocumque
313 324 400 381 volent,
411 323 517 370 animum
524 320 638 369 'auditoris
647 326 742 383 agunto.

99 390 136 437 Ut
145 388 273 436 ridentibus
284 387 393 445 arrident,
403 387 437 434 ite
446 386 556 434 flentibus
566 384 651 433 odsunt
724 382 769 431 101

100 452 209 506 Humani
218 452 313 500 vultus:
330 452 351 500 si
361 452 396 499 vis
404 451 516 512 medere,
527 449 654 498 dolendum
665 457 699 496 est

100 519 210 566 Primum
220 517 265 580 ipsi
274 517 334 573 tibir
351 526 407 564 tunc
417 526 460 563 tua
469 531 508 564 me
517 514 645 562 infortunio
654 512 745 561 ludent.

99 582 214 646 Telephe,
226 582 262 631 vel
273 582 355 642 Pelen,
366 581 428 629 mule
438 580 458 628 si
468 577 579 627 mundam
584 577 695 643 loqueris,

98 649 152 695 Aut
161 645 300 706 dormitabo,
311 654 353 693 out
362 644 449 694 ridebo.
473 644 561 693 Tristis
569 651 680 691 moestum
724 641 772 690 los

99 710 203 760 Vultum
214 712 284 759 verbs
293 710 374 759 decent
382 726 391 767 ς
407 710 503 770 nomm,
514 710 584 773 pluis
593 708 726 763 minorum3

99 775 243 835 ludentem,
254 774 354 832 lsscivnr
371 783 485 835 severum,
496 773 556 822 seris
565 773 637 821 dictm

100 840 198 889 Formct
207 839 271 887 enim
281 848 364 887 notura
373 839 438 903 prius
447 854 491 888 nos
501 839 565 887 intus
575 838 606 885 sd
616 852 710 886 omnem
769 871 774 884 .

99 905 258 953 Fortunarum
267 903 374 951 habitum
383 919 392 961 ;
404 904 480 965 juvat,
491 913 533 952 eut
542 902 642 967 impellit
651 902 682 949 sd
691 902 760 962 num,

99 970 153 1017 Aut
163 968 194 1015 sd
203 969 304 1015 humum
314 982 411 1016 moerore
420 968 486 1031 gravi
495 968 596 1028 deducit,
608 977 633 1016 et
642 967 721 1032 engit3

100 1034 158 1082 Post
168 1033 233 1081 effert
243 1032 316 1080 enimi
327 1041 404 1080 motus
413 1032 537 1096 interprete
546 1033 635 1097 lingui.
724 1031 768 1080 111

97 1099 124 1148 Si
133 1097 231 1146 dicentis
240 1105 309 1144 erunt
317 1096 416 1145 fortunis
425 1099 513 1145 absone
522 1098 592 1157 dictu,

99 1162 204 1212 Romani
214 1161 297 1209 tollent
306 1162 394 1226 equites
404 1162 538 1227 peditesque
548 1163 696 1211 cachinnum.

99 1227 208 1276 Intererit
218 1227 330 1287 multum,
341 1226 454 1275 Davusne
463 1227 581 1291 loquetur,
592 1242 622 1275 sn
632 1227 715 1285 heros3

99 1293 241 1342 Maturusue
251 1306 332 1352 senex,
343 1307 374 1340 un
383 1291 461 1340 adbuc
470 1291 567 1340 florente
575 1293 672 1353 juventi
724 1292 771 1339 115

99 1357 229 1411 Fervidus;
248 1365 271 1404 et
280 1365 386 1405 matrona
396 1366 529 1420 potensfsn
539 1356 620 1404 sedula
629 1357 709 1404 nutrix
717 1372 725 1414 ;

99 1423 249 1470 Mercatorne
259 1436 341 1484 vogin,
352 1422 457 1469 cultorne
467 1421 560 1470 virentis
571 1422 640 1486 agelli
646 1439 655 1481 ς

100 1486 212 1545 Colchus,
223 1500 254 1533 sn
264 1485 392 1550 Assyrium
409 1486 495 1534 Thebis
504 1487 614 1547 nutritus,
625 1502 656 1534 sn
667 1486 747 1549 Argis.

98 1552 152 1599 Aut
162 1550 251 1599 famem
261 1566 364 1615 sequere,
375 1560 418 1599 eut
427 1552 472 1600 srbi
482 1552 641 1600 convenientis
650 1550 720 1614 linge.

100 1616 204 1678 Scriptor
212 1616 352 1664 honoratum
363 1616 383 1664 si
392 1617 451 1665 forte
460 1616 552 1680 reponis
562 1616 696 1673 Achillem
725 1616 771 1664 120

101 1680 215 1743 Impiger,
226 1680 359 1741 iracundus,
370 1680 527 1740 inexorabilis,
538 1694 599 1740 scer,

98 1746 162 1794 Jura
171 1753 241 1808 neget
250 1744 296 1792 sibi
305 1754 374 1803 nsts3
391 1744 451 1793 nihil
461 1759 509 1792 non
519 1753 610 1807 erroget
619 1744 705 1794 aruris:

98 1810 136 1859 sit
146 1809 233 1857 Medea
242 1808 308 1857 imon
318 1809 459 1873 invictaque,
469 1808 553 1857 flebilis
563 1811 617 1870 Ino,

98 1873 207 1930 Perfidus
217 1874 296 1934 Ixion,
309 1874 338 1921 io
347 1890 415 1937 vege,
426 1874 497 1922 tristis
507 1874 610 1923 Orestes.

98 1939 125 1988 si
135 1938 193 2003 quid
203 1938 350 2001 inexpertum
360 1953 434 1987 scene
444 1938 580 1998 committis,
591 1947 615 1987 et
624 1940 696 1989 eudes
725 1940 771 1987 125

99 2004 226 2051 Personam
237 2004 336 2051 for-mere
345 2018 439 2061 novun,
450 2012 552 2052 servem
561 2004 592 2052 sd
602 2004 679 2052 imum

98 2068 184 2127 Quelis
193 2070 223 2116 eb
233 2068 326 2133 incepto
334 2069 477 2133 processerit,
492 2077 515 2118 et
525 2069 569 2117 sibi
579 2078 674 2118 constet.
686 2087 689 2090 ¹

99 2132 202 2183 Difficile
212 2141 246 2180 est
255 2133 347 2198 proprie
357 2134 491 2182 communis
500 2134 590 2183 dicerer
607 2142 681 2198 tuque

100 2198 199 2246 Rectius
210 2197 309 2246 Iliacum
320 2213 413 2247 carmen
423 2197 518 2247 dedun's
528 2198 554 2245 in
564 2208 638 2257 sotus,

99 2262 181 2321 Quem
193 2262 213 2310 si
222 2262 334 2324 proferres
343 2264 424 2327 ignote
431 2263 565 2326 indicisque
574 2264 671 2327 primus.
724 2263 772 2310 130

99 2327 200 2375 Publice
209 2328 316 2376 materies
325 2328 410 2390 privati
418 2328 478 2390 juris
488 2328 540 2387 erit,
579 2349 582 2355 r

98 2392 152 2444 Nec
161 2392 221 2441 circs
231 2392 302 2441 vilem
312 2392 468 2457 poculumque
477 2392 602 2441 moraberis
611 2394 704 2450 orbem3

98 2459 152 2507 Nec
161 2459 259 2506 verbum
269 2459 339 2505 verbo
349 2458 440 2505 orrrbis
448 2456 544 2505 reddere
552 2457 614 2505 fidus

98 2522 232 2584 Interpres3
248 2536 292 2570 nec
301 2521 392 2570 desilies
402 2521 506 2570 iruitstor
515 2522 541 2568 in
550 2531 653 2581 motum,

97 2584 170 2636 Unde
179 2586 263 2649 peden
273 2587 375 2649 proferre
383 2584 460 2650 pudor
469 2593 539 2647 vetet,
554 2595 596 2635 sut
606 2586 681 2651 operis
690 2587 738 2635 lex.

97 2652 150 2700 Nec
160 2651 193 2699 sic
202 2650 307 2715 incipies,
317 2659 345 2698 ut
354 2651 450 2715 scriptor
459 2650 559 2716 cyclicus
569 2651 644 2700 olim:
725 2652 773 2699 136

97 2720 116 2748 “
126 2716 258 2776 Fortinum
267 2716 359 2765 Priami
366 2718 475 2778 curtabo,
484 2723 510 2767 et
518 2717 598 2768 nobile
606 2717 721 2768 bellum.”
