1800 2934
132 82 164 138 aa
357 62 448 120 oum.
466 65 517 113 111.
535 58 574 108 24:

134 208 272 260 Iilicmatre
281 200 410 253 carentibus
774 179 805 233 17

166 271 284 336 Priviguia
294 267 378 317 mulier
386 266 502 324 temperat
511 256 636 303 innocense

123 341 186 389 ¹Nec
197 339 275 386 dotata
284 333 343 397 regit
354 331 429 378 virum

168 404 324 464 Conjux,nec
333 394 406 444 nitido
417 391 468 440 fidit
479 386 590 436 adultero·
774 373 808 420 20

136 469 188 516 Dos
199 475 232 516 ost
241 479 328 528 magna
338 458 470 524 parentium

169 531 260 590 Virtus,
272 538 296 578 et
305 535 410 575 metuens
421 518 514 569 alterius
524 513 569 562 viri

137 597 205 647 Certo
215 596 299 644 foedere
308 591 407 648 castitas,

170 663 204 711 Et
213 674 305 724 peccare
315 655 388 713 nefas,
400 659 441 699 aut
450 645 552 712 pretium
563 638 643 691 emori.

139 728 179 778 01
197 723 302 790 quisquis
312 719 373 770 volet
383 715 467 777 impias

172 791 252 841 Codes
263 797 286 836 et
295 785 383 834 rabiem
392 780 474 828 tollere
484 774 594 828 civicam

140 858 166 908 si
176 863 264 922 queret
275 861 370 900 cursu
381 855 501 894 unarum

173 917 290 970 Subscribi
301 912 391 970 statuis,
401 907 540 957 indomitam
550 900 634 950 audeat

141 986 268 1036 Refrenare
277 977 402 1036 licentiam,

174 1050 257 1099 Clarus
267 1041 419 1120 postgenitis;
437 1044 552 1103 quatenus
563 1031 621 1094 (heu
630 1025 695 1075 nefas
703 1022 726 1088 i)
780 1021 812 1068 3⁰

142 1115 261 1166 Virtutem
271 1108 410 1157 mcolumem
421 1104 522 1159 odimus,

175 1178 297 1227 Sublatam
308 1188 337 1220 ex
348 1170 420 1219 oculis
431 1166 566 1233 quaerimus,
577 1157 657 1208 invidi

143 1243 210 1305 Quid
220 1241 295 1290 tristes
306 1235 464 1301 querimoniae,

173 1308 201 1357 si
211 1321 258 1354 nou
269 1302 383 1368 supplicio
393 1299 462 1361 culpa
471 1292 601 1342 reciditur?

143 1372 210 1433 Quid
219 1372 290 1433 leges,
302 1368 351 1415 sine
361 1364 466 1413 moribus

176 1438 261 1494 Vanae,
272 1431 404 1497 proficiunt,
416 1426 436 1475 si
446 1439 522 1489 neque
532 1418 626 1469 fervidis

146 1505 204 1552 Pars
214 1500 304 1548 inclusa
313 1494 426 1544 caloribus
525 1513 527 1517 .

177 1564 274 1623 Mundi,
285 1576 328 1610 nec
337 1561 420 1609 Boreae
430 1553 556 1602 finitimum
566 1549 636 1605 latus,

144 1635 287 1694 Durataeque
297 1625 345 1675 solo
353 1623 425 1681 nivea,

178 1697 333 1745 Mercatorem
343 1686 459 1751 abigunt?
475 1679 567 1729 horrida
572 1675 655 1725 callidi

116 1778 121 1787 “
145 1763 251 1813 Vincunt
261 1771 353 1822 aequora
363 1751 466 1802 navitae?

179 1828 298 1887 Magnum
307 1817 428 1885 pauperies
438 1809 589 1878 opprobrium
597 1807 665 1869 jubet

146 1890 248 1954 Quidvis
259 1896 282 1935 et
291 1886 365 1934 facere
375 1892 399 1931 et
408 1881 457 1944 pati
467 1896 475 1936 3

179 1953 326 2016 Virtutiaque
337 1949 399 1998 viam
409 1943 492 1994 deserit
502 1939 587 1988 ardua⁴

146 2023 194 2074 Vol
204 2036 246 2069 nos
256 2018 281 2065 in
293 2013 444 2077 Capitolium,

180 2088 236 2148 Quo
246 2084 333 2132 clamor
343 2084 409 2127 vocat
420 2084 443 2123 ct
453 2073 522 2121 turbs
534 2065 670 2122 faventium,

148 2152 195 2203 vd
205 2165 247 2199 nos
257 2148 283 2196 in
293 2159 356 2207 mare
366 2140 502 2206 proximum

180 2218 301 2271 Gemmas,
313 2218 336 2257 ct
345 2205 442 2270 lapidos,
455 2214 539 2251 aurum
549 2205 572 2245 et
581 2193 673 2253 inutile,

147 2280 241 2334 Summi
251 2274 370 2324 materiem
381 2269 446 2326 mali,

180 2346 316 2399 Mittimus,
327 2337 439 2386 scelerum
450 2330 537 2379 sibene
547 2324 650 2391 poenitct.

147 2407 272 2461 Eradenda
282 2400 396 2467 cupidinis

181 2472 253 2521 Pravi
262 2477 317 2517 sunt
328 2466 456 2517 elementa;
474 2467 498 2506 et
508 2467 591 2505 renem
603 2451 673 2501 nimis

775 698 808 743 25

39 2546 43 2571 '
148 2540 242 2588 Montes
252 2530 403 2595 asperioribus

182 2596 320 2649 Fonncndae
330 2592 419 2642 studiis
447 2588 529 2638 Nescit
540 2598 600 2647 equo
611 2579 674 2628 rudis
