1800 2934
63 74 68 80 ·
151 62 184 109 u
387 59 479 109 oum
494 59 545 109 nr.
564 59 588 106 e
623 122 625 127 X

182 187 224 237 Ab
235 204 260 237 se
270 189 401 249 removisse,
413 197 436 238 et
446 189 537 239 rinion

214 253 307 302 Torvus
315 254 383 302 humi
393 254 496 318 posuisse
506 253 598 302 vultum
606 270 615 314 ς

150 317 234 365 Donec
243 318 348 367 labantes
358 319 454 367 oonsilio
464 320 546 369 Patres

151 381 268 430 Firmsret
277 392 357 432 auctor
366 399 489 448 uunquam
499 383 556 432 alias
563 382 627 443 uso,

181 445 292 511 Interque
302 458 423 498 moerentes
433 448 520 497 amieos

134 558 137 565 ,
213 511 329 576 Egregius
339 522 471 577 properaret
481 513 557 561 exsul.

148 576 227 640 Atqui
237 577 330 639 sciebat,
343 595 396 642 quae
406 578 450 627 sibi
461 580 573 627 barbarus

149 641 234 689 Tortor
242 652 348 704 pararet:
365 656 413 692 non
423 643 489 691 aliter
499 651 579 691 tamen

181 705 289 756 Dimovit
298 710 413 756 obstantes
421 708 574 772 propinquos,

212 771 247 820 Et
257 773 371 847 populum
381 773 468 820 reditus
478 779 618 836 morantem,

148 835 229 894 Quam
238 836 258 884 si
269 837 378 884 chentum
388 837 459 901 longa
469 838 563 902 negotis

148 899 285 962 Dijudicatt
295 901 336 962 lite
346 901 494 966 relinqueret,

180 964 289 1014 Tendens
300 965 444 1015 Venafranos
456 967 481 1014 in
492 982 567 1032 agros,

211 1030 265 1078 Aut
275 1030 480 1081 Laeedaemonium
491 1032 630 1082 Tarentum.

416 1227 490 1279 ODE
506 1228 554 1278 VI.

377 1425 380 1433 υ
394 1356 436 1405 Aa
446 1358 576 1406 Rormnos.

148 1486 241 1535 Delicta
250 1488 367 1549 majorum
377 1486 508 1535 immeritus
518 1488 579 1548 lues,

148 1552 264 1613 Romane,
276 1551 349 1600 donee
359 1551 447 1615 templa
457 1552 570 1613 referum,

180 1617 299 1680 AEdesque
308 1616 411 1665 labentes
422 1614 537 1679 Deorum,
549 1627 573 1666 et

213 1682 285 1730 Foeda
294 1682 361 1745 nigro
371 1681 496 1730 simulacra
505 1682 580 1731 fumo.

147 1744 194 1793 Dis
205 1753 229 1794 te
239 1747 352 1795 minorem
363 1746 427 1811 quod
436 1747 506 1811 geris,
517 1747 632 1811 imperas:

147 1809 211 1858 Hinc
221 1825 290 1859 omne
300 1811 449 1875 principium,
465 1812 513 1860 bne
522 1813 582 1861 refer
591 1811 689 1860 exitum

179 1874 214 1922 Di
225 1876 301 1923 multa
312 1876 409 1939 negleoti
419 1876 534 1925 dedemnt

211 1939 262 1987 Hes
291 1939 332 1988 riae
342 1942 404 1989 mals
413 1941 532 1990 luctuosa.

146 2004 205 2051 Jam
215 2004 251 2052 bis
293 2020 379 2054 onaeses
389 2014 413 2054 et
423 2006 506 2054 Pacori
515 2021 600 2056 munus

146 2068 173 2116 N
173 2083 203 2116 on
215 2070 343 2131 auspiostos
353 2070 459 2121 contudit
468 2071 502 2119 im
598 2074 600 2079 '

179 2134 286 2195 Nostros,
299 2143 322 2182 et
332 2133 440 2196 adjecisse
450 2150 479 2199 pr

211 2199 346 2262 Torquibus
356 2198 446 2262 exiguis
457 2199 553 2249 renidet.

148 2261 228 2323 Pane,
240 2271 375 2327 occupatam
386 2263 544 2324 seditionibus,

147 2325 242 2375 Delevit
252 2329 335 2376 urbem
346 2327 426 2377 Decus
437 2338 461 2378 et
470 2329 597 2393 AEthiops3

179 2391 227 2438 Hic
238 2392 309 2440 classe
319 2392 466 2453 formidante,
477 2393 517 2441 ille

211 2455 342 2504 Missilibus
351 2456 433 2505 melior
443 2457 540 2520 sagittis.

147 2517 258 2566 Fecunda
268 2520 343 2584 eulpa
354 2521 437 2569 secula
447 2522 541 2586 nuptias

145 2581 254 2632 Primum
264 2583 423 2648 inquinavere,
435 2594 459 2634 et
468 2601 551 2649 genus,
562 2595 586 2636 et
595 2587 692 2646 domos3
