1800 2934
144 86 191 134 rra
363 75 512 127 sarsum.
529 75 551 123 1.
567 60 592 122 a

141 216 273 277 Nunquam
283 220 424 272 erepmus,
435 204 481 253 nisi
489 219 533 253 noa
541 202 618 252 vicina
628 202 726 251 Trivici

140 279 209 330 Vills
218 275 347 338 recepisset,
357 273 488 335 lacrymoso
497 284 545 318 nou
555 269 605 317 siue
614 269 691 330 fumo,
782 269 815 315 8⁰

142 345 210 394 Udos
220 357 275 390 aum
285 339 347 388 foliis
356 352 433 386 rarnos
442 344 524 384 ureme
533 334 633 382 ramiro.

142 411 192 460 Hic
202 423 246 470 ego
255 405 392 454 mendacem
402 400 553 449 studuimus
562 414 638 463 usque
647 397 753 461 puellam

143 472 529 528 Admediamnoetemexspector
547 462 816 511 somnustamenauimt

143 542 266 590 Intentum
277 534 379 590 Venerir
396 541 449 580 turn
459 529 583 578 immundo
593 528 684 576 somnia
693 529 746 575 visu

143 606 290 654 Nocturnum
300 607 388 649 vestem
398 596 525 655 maculant,
534 603 685 656 ventremque
695 593 815 656 supinum.

142 671 261 730 Quattuor
270 666 325 714 hinc
335 663 440 726 rapimur
450 659 535 723 viginu·
545 667 568 706 et
578 657 654 706 millia
663 657 749 718 rhedis,
783 657 816 704 86

143 733 253 784 Mansuri
263 748 277 780 o
294 728 383 794 pidulo,
395 724 460 790 quod
469 739 539 773 versu
548 724 623 775 disere
632 737 680 770 uon
691 731 735 782 est,

144 800 263 864 Signispe
312 796 400 842 'aestz
417 788 692 839 venitvilissimarerum

145 867 195 914 Ilio
206 878 283 927 aqum
299 859 340 908 sed
349 856 416 921 panis
426 855 497 917 longe
506 853 684 918 pulcherrim,
696 852 759 900 ultra

144 929 250 980 Callidus
260 935 287 974 ut
297 925 369 973 soleat
378 920 483 969 humeris
493 928 585 983 portare
594 918 683 966 viatm:
785 917 818 964 90

143 997 210 1045 Nam
221 990 310 1041 Canusi
320 986 440 1052 lapidosus
446 1002 455 1044 3
472 999 540 1048 aquae
550 998 597 1031 non
607 982 677 1030 ditior
686 996 762 1030 urnas
774 978 776 987 ‘

146 1060 198 1120 Qui
207 1059 271 1106 lorus
281 1071 296 1102 a
305 1053 360 1101 forti
370 1050 486 1099 Diomede
493 1057 528 1097 est
537 1047 644 1097 eonditus
653 1047 719 1095 olim.

145 1123 268 1172 Flentibus
277 1120 317 1167 hic
328 1117 414 1167 Varius
424 1114 520 1163 dissedit
529 1121 626 1162 mestus
635 1112 726 1161 amieis.

143 1188 206 1238 'Inde
217 1188 300 1234 Rubos
310 1182 364 1231 fessi
374 1179 530 1246 pervenimus,
541 1186 622 1240 utpote
631 1178 733 1240 longum

147 1250 336 1314 (lamententur,
348 1256 371 1296 et
381 1247 470 1294 sermm
480 1244 610 1306 oorruptius
619 1242 698 1290 imbri.
788 1243 820 1291 96

146 1319 244 1367 Postera
253 1321 377 1377 tempestas
387 1310 485 1370 melior3
501 1308 540 1357 via
549 1309 615 1372 pejor
624 1307 732 1372 adusque

146 1383 207 1433 Bari
217 1380 302 1429 moenia
312 1376 402 1442 piscosi.
420 1374 484 1423 Dein
495 1373 591 1433 Gnatia,
602 1373 707 1437 lymphis

148 1447 219 1498 lratis
229 1453 353 1503 exstructa,
364 1439 429 1489 dedit
438 1439 546 1502 risusque
553 1440 665 1502 josueque
670 1455 679 1497 3

146 1514 225 1571 Dum,
236 1509 333 1561 flammi
343 1507 401 1566 siue,
412 1505 483 1552 thura
491 1504 617 1568 liquescere
626 1503 709 1552 limine
719 1519 785 1553 mro

146 1576 288 1628 Persuadere
298 1572 370 1638 erupit.
394 1568 481 1619 Credat
490 1569 508 1617 J
509 1569 590 1616 udaeur
600 1569 697 1632 Apella,
774 1569 821 1616 loo

111 1650 119 1667 '
147 1645 268 1705 Nonegot
280 1633 534 1702 namqueDeosdidiui
541 1647 723 1698 eemrumagere
731 1647 821 1693 mum3

149 1710 211 1767 Nee,
223 1709 243 1754 si
253 1705 311 1770 quid
321 1703 375 1751 miri
384 1699 454 1748 fedat
464 1706 557 1760 ustura,
568 1696 633 1746 Deos
642 1697 668 1745 id

149 1773 239 1821 Tristes
249 1787 279 1819 ex
289 1770 336 1819 alto
347 1766 398 1817 eoeli
407 1765 529 1814 demittere
539 1771 606 1812 toeto.

149 1835 304 1889 Brundisium
314 1834 391 1899 longa
401 1830 455 1880 finis
464 1828 597 1893 sbmtaque
606 1828 703 1893 viaque.

394 2024 527 2075 SATIRA
543 2023 591 2071 VI.

178 2223 181 2233 Ι
272 2162 306 2207 Iu
316 2157 442 2206 Derisores
453 2154 586 2203 Natalium
595 2167 701 2200 mrum.

152 2296 218 2351 Nou,
229 2289 293 2353 quia,
305 2287 432 2345 Mesena,
444 2283 568 2348 Lydonrm
575 2281 692 2348 quidquid
702 2280 816 2329 Etrusoos

151 2355 255 2417 incoluit
264 2354 330 2411 flues,
342 2365 411 2399 nemo
422 2348 552 2412 generosior
562 2358 597 2397 est
607 2358 646 2404 ως

152 2423 212 2477 Neo,
224 2418 288 2482 quod
298 2432 354 2464 avus
365 2414 409 2462 tibi
418 2421 538 2461 maternus
548 2414 594 2461 fuit
603 2423 673 2476 atque
683 2419 805 2475 patemus,

153 2485 221 2533 Olim
231 2482 273 2545 qui
282 2479 374 2543 magnis
384 2477 514 2541 legionibus
524 2478 698 2542 imperitareutr

151 2549 188 2596 Ut
197 2546 301 2609 plerique
311 2545 394 2602 solent,
405 2556 463 2591 naso
472 2543 594 2604 suspendis
604 2542 696 2590 aduuoo
809 2541 826 2585 o

151 2613 257 2673 Ignotos,
268 2617 295 2656 ut
305 2623 344 2657 me
353 2606 462 2656 libertino
471 2615 537 2668 patre
547 2614 646 2664 uatum3
