1800 2934
11 274 13 343 t

330 48 448 110 arom.
465 65 489 111 a.
698 68 745 123 roo

66 192 120 244 Sub
129 194 181 242 haee
191 206 258 257 puer,
267 191 318 252 jam
329 204 385 251 non,
394 199 422 238 ut
431 201 494 253 ante,
505 193 615 243 manuus
713 198 745 246 83
788 207 796 215 ·

101 258 190 307 Lenire
200 256 275 306 verbis
285 255 384 319 impias3

69 320 128 382 Sed,
140 323 227 371 dubius
237 320 300 367 unde
309 328 428 384 rumperet
437 320 565 384 sirmeum,
712 325 745 372 86

102 387 172 435 Misit
184 387 312 451 Thyesteas
322 400 416 448 preces:

69 451 168 501 Venena
178 465 294 515 magnum
302 449 339 498 fas
349 449 469 514 nefasque,
480 466 528 500 non
537 452 614 501 valent

102 517 243 565 Convertere
252 514 382 562 humanam
392 515 474 563 vicem.

70 580 134 629 Din‘s
144 597 216 644 agam
226 595 266 629 vos
275 598 282 640 3
300 578 351 627 dira
361 578 481 628 detestatio

102 646 179 694 Nullo
190 645 296 709 expiatur
307 643 409 692 victima.
712 650 744 695 90

71 710 144 771 Quin,
156 711 198 759 ubi
208 709 281 774 perire
289 709 369 770 jussus
379 709 534 772 exspiravere,

101 776 237 823 Nocturnus
248 789 365 822 occurram
377 774 460 834 Furor,

74 838 200 904 Petamque
211 839 290 888 vultus
299 840 383 886 umbra
393 839 470 887 curvis
480 840 607 903 unguibus,

105 904 178 969 (Quae
188 903 224 952 vis
235 903 341 951 Deorum
352 913 386 951 est
395 903 519 968 Manium)

74 967 112 1027 Et,
121 968 232 1033 inquietis
243 967 344 1016 assidens
354 967 494 1031 praecordiis,
711 973 743 1020 95

104 1034 192 1082 Pavore
203 1048 295 1081 somnos
306 1031 418 1079 auferam.

74 1088 120 1145 Vos
130 1098 199 1146 turba
209 1098 303 1146 vicatim
313 1097 401 1145 hineet
412 1097 468 1145 hinc
478 1099 539 1146 saxis
549 1107 630 1163 petens

104 1162 366 1210 contundetobseoenas
376 1176 451 1219 anus3
609 1202 611 1205 .

75 1226 136 1286 Post,
147 1227 265 1290 insepulta
274 1228 379 1275 membra
389 1225 496 1275 different
506 1228 566 1290 lupi,

103 1291 276 1356 EtEsquilinae
286 1291 366 1339 alites:
695 1296 742 1344 loo

77 1353 155 1420 Neque
164 1357 209 1405 hoe
218 1365 324 1420 parentes
335 1352 408 1410 (heu!
421 1357 481 1405 mihi
491 1359 633 1423 superstites)

106 1421 222 1486 Effugerit
232 1420 398 1484 spectaculum.
492 1424 494 1433 '

338 1612 411 1665 ODB
428 1613 475 1663 v1.

259 1745 292 1789 Io
305 1743 417 1792 emaum
429 1742 553 1792 Severum.

75 1864 135 1925 Quid
144 1868 292 1918 immerenme
301 1870 403 1982 hospites
414 1888 493 1933 vexas,
505 1874 575 1935 oanis,

102 1930 206 1996 Ignarus
216 1933 337 1984 adversum
358 1940 434 2000 upos?

75 1993 135 2055 Quin
146 1997 193 2046 huc
203 1997 292 2059 inanes,
304 2001 323 2048 si
333 2011 406 2065 potes,
419 2004 489 2051 vertis
499 2004 583 2066 minas,

102 2061 135 2109 Et
145 2079 184 2112 me
194 2078 352 2113 remorsurum
362 2066 441 2128 petis?

74 2124 144 2188 Nam,
155 2128 232 2192 qualis
242 2137 284 2179 aut
295 2129 422 2193 Molossus,
434 2141 476 2181 aut
485 2134 566 2184 fulvus
577 2135 666 2195 Lacon,
727 2137 743 2181 5

104 2193 201 2255 (Amica
212 2193 247 2241 vis
258 2195 401 2258 pastoribus)

74 2253 150 2317 Agmn
160 2273 201 2320 per
212 2259 270 2306 altas
281 2274 337 2308 aure
347 2261 440 2310 sublato
450 2263 523 2323 nives,

103 2319 264 2386 Quacumque
291 2325 388 2374 raeoedet
398 2326 453 2375 fera.

76 2381 121 2442 Tu,
132 2400 187 2433 oum
197 2387 269 2436 timeo
311 2405 366 2438 voce
376 2393 498 2455 complesti
509 2408 599 2453 nemus,

106 2450 237 2512 projectum
248 2453 350 2502 odoraris
365 2456 453 2504 cibum.
714 2461 744 2507 10

77 2511 143 2572 Cave,
154 2530 224 2572 oave3
242 2532 344 2581 namque
354 2519 379 2566 in
390 2521 465 2569 malos
476 2522 615 2583 asperrimus

105 2578 188 2626 Parata
198 2581 255 2628 tollo
266 2597 365 2640 cornua3
