1800 2934
128 86 174 136 104
376 80 493 141 auom.
513 83 535 126 5.

398 345 470 395 ODE
488 345 533 393 IV.

391 479 424 524 In
435 478 546 524 Menam.

133 604 209 668 Lupia
220 613 243 654 et
253 605 319 669 agnis
330 612 418 668 quanta
428 603 508 651 sortito
518 600 610 664 obtigit,

166 668 256 721 Tecum
268 669 328 718 mihi
338 667 450 716 discordia
462 677 505 728 est,

134 734 231 783 Ibericia
241 742 334 798 peruste
344 733 440 781 funibus
450 733 521 793 latus,

167 799 203 848 Et
212 816 279 848 crura
289 798 348 846 duria
359 797 477 860 compede.

136 862 204 912 lieet
214 866 327 928 superbus
338 862 444 910 ambules
454 861 561 925 pecunie„

168 929 273 976 Fortuna
283 941 330 975 non
340 934 417 977 mutat
427 942 509 989 genus.

136 991 247 1052 Videsne,
260 994 353 1041 Sacram
363 991 473 1040 metiente
483 1000 506 1039 te
517 991 579 1039 viam

169 1058 232 1105 Cum
242 1057 277 1105 bis
287 1064 322 1104 ter
332 1056 442 1107 ulnarum
453 1055 517 1119 togd³

138 1122 174 1187 Ut
183 1137 223 1170 ora
234 1129 308 1169 vertat
317 1121 364 1169 huc
375 1129 398 1169 et
407 1121 455 1169 huc
465 1120 571 1168 euntium

170 1186 300 1235 Libertima
309 1186 455 1250 indignatio?

137 1252 218 1301 Sectus
228 1251 326 1315 flagellis
335 1251 374 1299 hic
383 1249 574 1309 triumvirahiaua
606 1246 609 1261 ¹

170 1317 286 1364 Praeoonis
296 1315 326 1363 ad
336 1315 465 1374 fastidium,

29 1384 33 1395 “
136 1381 198 1430 Atat
206 1380 299 1429 Falerni
309 1380 374 1427 mille
384 1379 452 1427 fundi
460 1381 551 1443 jugera,

171 1448 205 1495 Et
215 1445 321 1510 Appiam
331 1444 424 1493 mannis
434 1445 502 1492 terit!

138 1511 301 1574 sedilibusque
311 1524 410 1572 magnus
420 1509 446 1556 in
456 1509 538 1573 primia
548 1525 627 1574 eques,

171 1575 266 1625 Othone
276 1581 400 1634 oontemto‚
411 1573 490 1621 sedet!

140 1641 206 1701 Quid
216 1640 298 1688 attinet
308 1647 343 1687 tot
353 1653 393 1687 ora
404 1639 500 1687 navium
510 1640 576 1703 graui

173 1705 282 1753 Rostrata
292 1704 346 1753 duci
355 1702 457 1767 pondere
515 1748 521 1753 .

142 1770 229 1818 Contra
238 1770 338 1817 latrones
349 1777 418 1832 atque
427 1769 534 1816 servilem
544 1784 651 1829 manum,

174 1835 237 1893 Hoc,
248 1833 293 1903 iton
302 1833 396 1882 tribuno
405 1834 528 1883 militum?

415 1995 488 2071 ona
506 2024 538 2072 v.
591 2002 612 2051 ·,

317 2155 352 2232 Iu
363 2154 492 2202 Canidiam
507 2156 643 2220 Veneficam.

54 2342 57 2347 ⁴
140 2287 189 2346 At,
200 2300 215 2333 ο
226 2283 331 2333 Deorum
342 2284 458 2349 quidquid
467 2284 493 2332 in
501 2284 558 2333 coelo
566 2283 649 2349 [regit]
683 2279 685 2282 ’

177 2350 261 2398 Terras
272 2357 295 2397 et
304 2348 436 2397 humanum
446 2364 520 2412 genus
529 2350 536 2397 Ξ
549 2346 553 2359 ⁸

143 2413 211 2472 Quid
220 2414 263 2461 iste
273 2414 317 2461 fert
328 2414 463 2462 tumultus?
481 2422 505 2462 et
515 2414 573 2478 quid
583 2410 689 2463 omnium
794 2410 798 2419 ¹

177 2477 266 2525 Vultus
276 2478 301 2524 in
311 2492 387 2525 unum
397 2492 436 2526 me
446 2482 542 2526 truces?

146 2541 193 2588 Per
202 2540 285 2589 liberos
295 2549 319 2589 te
331 2541 361 2606 (si
372 2550 454 2590 vooata
463 2545 577 2606 partubus

178 2604 269 2653 Lucina
279 2605 339 2654 veris
350 2604 439 2667 affuit),
