1800 2934
123 94 186 157 '12⁸
360 90 511 140 suriam.
527 91 549 139 1.
567 95 592 139 n.

138 221 276 273 Proclamm
287 220 379 285 ingrati
389 220 488 284 stringat
497 221 575 270 malus
584 221 690 288 ingluvie
699 240 759 288 rem,
796 229 811 275 8

139 286 229 337 Omnia
239 286 358 335 conductis
368 286 476 334 colimens
485 287 581 349 opsonia
590 290 713 349 nummis3

139 350 251 401 Sordidus
260 359 333 416 atque
342 351 415 398 animi
426 350 490 414 quod
499 351 565 414 parvi
575 353 634 402 nolit
643 354 734 416 haberi,
784 357 812 404 lo

138 415 282 480 Respondet.
298 416 420 465 Laudatur
430 417 461 463 ab
470 415 516 475 his,
527 417 637 482 culpatur
647 421 677 467 ab
687 420 743 469 illis.

139 480 248 529 Fufidius
258 496 340 546 vappae
350 479 440 529 famam
450 479 519 528 timet
528 496 555 529 ac
565 484 696 545 nebulonis,

139 545 213 595 Dives
223 546 293 609 agris,
305 545 369 594 dives
377 544 460 610 'positis
470 545 496 592 in
506 544 592 595 foenore
602 549 714 599 nummis.

140 610 233 671 Quinas
244 611 283 660 hic
292 610 362 687 capiti
372 609 489 658 mercedes
499 621 607 671 exaesam
625 621 696 678 atque

141 675 238 735 Quanto
248 675 358 740 perditior
369 675 469 738 quisque
479 683 522 734 est,
533 684 599 725 tanto
609 678 685 727 scrius
693 688 773 744 urget:
786 681 817 729 lt

140 740 247 789 Nomina
257 749 364 800 sectatur,
372 739 444 787 modo
454 741 534 789 sumat
543 749 606 790 veste
616 742 686 805 virili,

141 807 192 855 Sub
202 805 307 869 patribus
317 804 390 864 duria
400 804 512 852 tironum.
536 804 653 867 Maxime,
663 809 717 874 quis
727 825 785 871 non,

79 914 83 923 ,
141 870 248 934 Jupiter!
261 870 384 924 exclamat,
396 868 468 916 simul
479 878 550 934 atque
560 871 666 922 audivit?
683 880 707 933 11
711 876 750 923 At
758 877 782 924 in
792 892 816 927 se

142 935 191 983 Pro
201 943 292 1000 questu
303 942 408 982 sumtum
416 933 472 982 iacit
480 934 527 983 hio.
545 936 625 994 §iVix
634 938 727 988 credere
721 957 817 1054 vlpoms,

142 999 223 1059 Quam
234 998 278 1048 sibi
288 1013 335 1047 non
346 999 377 1046 sit
386 998 490 1048 amicust
507 999 541 1048 ita
550 1010 579 1049 ut
587 1011 654 1065 pater
662 1004 711 1065 ille,
746 1009 817 1056 ererti

142 1064 234 1112 Fabula
244 1078 315 1128 quem
325 1063 437 1119 miserum
446 1074 503 1113 nato
512 1064 598 1115 vixisse
607 1066 689 1131 fugato
787 1072 815 1120 21

144 1128 248 1188 Inducit,
258 1142 306 1176 non
317 1143 342 1176 se
352 1129 419 1192 pejus
429 1129 572 1191 cruciaverit,
584 1140 655 1195 atque
664 1134 710 1182 hio

144 1193 170 1241 si
180 1193 233 1257 quis
243 1207 307 1242 nunc
317 1203 415 1258 quierat,
426 1194 484 1254 Quo
497 1209 534 1242 res
543 1196 593 1244 haeo
603 1198 723 1261 pertinet?
739 1200 815 1251 Illuc:

144 1257 212 1306 Dum
222 1257 297 1307 vitant
307 1259 373 1306 stulti
383 1258 447 1319 vitia,
458 1259 483 1306 in
494 1260 608 1309 contraria
617 1273 720 1313 oummt.

145 1322 279 1372 Malthinus
290 1323 375 1372 tunicis
385 1323 490 1372 demissis
500 1325 620 1386 ambulat;
636 1337 679 1389 eat,
690 1329 733 1393 qui
787 1333 817 1380 25

145 1388 239 1452 Inguen
249 1387 280 1436 ad
291 1389 424 1436 obscoenum
434 1388 554 1437 subductis
564 1406 639 1455 usque
648 1393 752 1444 iaoetuss

146 1453 255 1502 Pastillos
266 1452 370 1502 Rufillus
380 1453 434 1511 olet,
446 1454 579 1517 Gorgonius
589 1455 697 1507 hircum:

146 1518 191 1566 Nil
200 1517 305 1567 medium
313 1526 354 1566 est
372 1518 442 1577 Sunt,
451 1518 494 1582 qui
501 1519 577 1568 nolint
584 1521 694 1586 tetigisse,
702 1524 748 1574 nisi
758 1525 817 1588 inas,

145 1583 256 1643 Quarum
267 1582 363 1632 submit
373 1582 433 1630 talos
442 1591 507 1646 tegas
517 1583 596 1633 instita
606 1596 685 1636 veste:
787 1594 820 1641 29

147 1648 235 1696 Contra
244 1648 304 1697 aliua
313 1648 412 1708 nullm,
423 1647 469 1696 nisi
479 1649 555 1710 olente
564 1650 590 1697 in
600 1650 687 1702 tornioe
696 1663 803 1704 cuntem.

147 1711 253 1771 Quidam
263 1721 333 1761 notus
342 1712 414 1762 homo
424 1729 479 1762 cum
489 1713 563 1762 exiret
572 1715 673 1774 iornioee
691 1719 774 1770 Macte

147 1776 243 1825 Virtute
253 1786 311 1836 esto,
322 1778 400 1842 inquis
409 1778 522 1827 sententia
531 1778 571 1828 dia
580 1780 690 1831 Cannar

147 1841 174 1890 N
175 1856 223 1901 am,
235 1841 306 1889 simul
316 1858 343 1890 ac
353 1857 423 1891 venas
432 1843 524 1892 inflavit
534 1853 592 1893 tetra
601 1846 682 1908 libido,

148 1906 206 1955 Huc
214 1905 311 1967 juvenes
321 1923 416 1970 equum
427 1917 462 1956 est
471 1907 615 1971 descendere,
626 1926 675 1960 non
684 1913 773 1963 alienas

148 1969 281 2029 Permolere
290 1986 381 2019 uxores.
398 1972 482 2020 Nolim
491 1973 615 2035 laudarier,
625 1976 710 2041 inquit,
788 1979 822 2029 δᾶ

149 2036 188 2085 sic
198 2038 246 2095 me,¹
257 2035 353 2083 mirmor
362 2037 434 2084 cunni
443 2038 589 2102 Cupiennius
598 2040 653 2089 albi.

148 2100 241 2148 Audire
251 2107 286 2148 est
295 2115 371 2163 operae
380 2101 491 2164 pretium,
502 2103 624 2166 proaedere
632 2114 693 2155 recte

149 2165 201 2225 Qui
211 2164 305 2213 mochis
316 2179 362 2212 non
373 2166 454 2227 vultis,
465 2176 493 2215 ut
502 2168 567 2216 omni
577 2179 642 2233 parte
650 2170 773 2233 laborent;

149 2231 232 2295 thue
242 2229 289 2277 illis
298 2230 375 2278 multo
385 2241 493 2344 corrupta
502 2232 581 2282 dolore
590 2235 705 2301 voluptas,

149 2295 233 2358 Atque
242 2294 293 2342 hac
302 2310 354 2343 rara
363 2294 438 2357 cadat,
466 2313 509 2346 ure
519 2297 579 2346 inter
588 2315 650 2364 saepe
659 2302 753 2366 pericla.
792 2306 825 2355 to

151 2358 201 2406 Hic
211 2373 236 2407 se
245 2359 388 2422 precipitem
397 2368 459 2408 tecto
468 2361 547 2420 deditt
563 2363 604 2412 ille
613 2366 712 2430 flagellis

150 2421 194 2471 Ad
203 2431 302 2472 mortem
313 2438 400 2481 cesus3
417 2424 510 2490 fugiens
519 2427 558 2476 hic
567 2427 652 2479 decidit
663 2447 741 2482 acrem
839 2422 842 2434 ’

152 2485 295 2534 Predonum
305 2488 331 2535 in
342 2490 453 2547 turbam3
470 2490 535 2541 dedit
545 2492 584 2542 hic
599 2511 642 2560 pro
653 2512 748 2564 corporo
757 2513 828 2550 num.

250 2565 318 2611 mos3

35 2664 55 2678 k
154 2614 228 2664 Hunc
238 2616 416 2679 perminxerunt
425 2620 531 2672 anunm
549 2623 607 2688 quin
618 2626 689 2679 etiam
699 2628 760 2679 illud
