1800 2934
161 123 193 169 24
399 118 490 168 ODAE.
509 120 532 168 1.
549 122 589 168 29.

161 250 243 308 Atto,
254 256 334 309 nauta,
346 264 411 311 vage
421 264 451 297 ne
462 249 742 313 parcamaliguuaareuae
803 250 835 297 23

196 314 295 362 Ossibus
305 321 328 361 et
338 314 408 377 capiti
418 314 541 362 inhumato

162 379 304 427 Particulam
311 378 379 426 dare:
392 378 433 438 sic,
443 378 610 443 quodcumque
619 377 748 426 minabitur
756 377 836 426 Eurus

194 443 315 490 Fluctibus
327 443 455 507 Hesperiis,
468 443 595 491 Venusinae
802 443 835 489 26

161 508 296 555 Plectantur
306 508 379 567 silva,
389 518 411 555 te
423 508 522 570 sospite3
540 507 662 571 multaque
671 521 768 567 mercer,

193 572 265 620 Unde
274 581 357 636 potent,
369 572 412 620 tibi
422 572 509 619 defluat
520 587 588 635 aequo

160 637 203 686 Ab
214 638 283 694 Jove,
296 638 456 699 Neptunoque
466 637 524 684 sacri
534 635 628 684 custode
639 636 744 684 Tarenti.

194 701 309 764 Negligia
321 700 443 748 immeritis
455 701 585 749 nocituram
803 702 836 749 30

162 767 289 814 Postmodo
299 774 322 813 te
333 765 402 824 natis,
414 765 521 813 fraudem
531 765 695 814 committere?
712 765 771 814 Fora
782 774 805 815 et

193 831 281 879 Debita
289 831 344 891 jura
354 830 461 893 vicesque
471 832 576 894 superbae

163 896 200 944 Te
210 903 320 942 maneant
329 894 421 957 ipsum:
439 895 546 957 precibus
557 910 604 942 uon
614 894 708 959 linquar
717 894 799 944 inultis
805 913 815 954 ;
893 948 894 951 Ἴ

195 961 279 1024 Teque
289 959 380 1022 piacula
391 959 458 1006 nulla
469 959 590 1007 resolvent.

162 1025 314 1088 Quamquam
321 1023 423 1082 ferinas,
433 1027 490 1077 (non
499 1034 533 1072 ert
539 1040 604 1072 mora
611 1022 692 1088 longa)
701 1024 788 1084 licebit,
805 1025 839 1072 35

196 1090 286 1150 Injecto
296 1097 331 1137 ter
340 1089 444 1151 pulvere,
457 1104 542 1138 curras.

402 1275 474 1324 ODE
492 1274 591 1322 XXIX.

422 1399 465 1446 Aa
474 1398 577 1447 Iccium.

163 1518 219 1578 Ioci,
230 1516 304 1567 beatis
315 1530 378 1564 nuuc
388 1516 498 1565 Arabum
509 1515 597 1564 invidae

165 1584 252 1641 Gazis;
269 1591 293 1632 et
303 1595 379 1630 acrem
389 1581 499 1628 militiam
510 1596 577 1645 parur

196 1650 252 1697 Non
263 1656 317 1696 ante
327 1644 421 1693 devictis
432 1646 520 1693 Sabaeae

229 1712 348 1776 Regibua3
367 1709 518 1774 horribilique
529 1710 603 1758 Medo

162 1772 244 1827 Nactia
255 1786 352 1825 catenaa
379 1775 441 1835 Quae
451 1775 495 1823 tibi
503 1774 630 1839 virginum,

163 1844 254 1908 Sponao
263 1849 353 1898 nocato,
364 1841 462 1888 barbara
472 1840 570 1889 serviet?

197 1908 260 1955 Puer
270 1906 322 1969 quia
333 1920 363 1952 ex
373 1905 428 1953 auli
439 1905 529 1969 capillis

227 1970 270 2019 Ad
280 1968 390 2034 cyathum
402 1977 516 2017 statuetur
526 1971 609 2026 unctis,

164 2038 254 2086 Doctus
265 2034 358 2098 sagittae
369 2033 462 2081 tendere
473 2034 561 2082 Sericas

163 2103 229 2151 Arcu
240 2097 355 2165 paterno?
372 2098 433 2156 Quis
447 2107 525 2161 neget,
537 2099 615 2148 arduia

196 2168 285 2216 Pronoa
295 2162 367 2214 relabi
378 2166 444 2224 porie
454 2163 515 2211 rivos
575 2202 577 2207 .

229 2228 360 2284 Montibus,
373 2236 396 2275 et
407 2227 514 2276 Tiberim
524 2229 623 2286 reverti3

164 2296 227 2345 Cum
237 2303 264 2342 tu
275 2292 376 2342 coemtos
386 2292 491 2366 undique
500 2293 589 2341 nobiles

164 2361 248 2408 Libroa
259 2357 359 2415 Pauaetl,
372 2356 512 2404 Socrauoam
523 2369 546 2406 et
556 2357 663 2418 domum,

197 2424 292 2472 Mutare
302 2420 378 2468 loricis
389 2421 471 2479 Iberis,

229 2485 350 2535 Pollicitus
360 2485 464 2545 meliore,
476 2486 570 2535 tendis?
