1800 2934
285 104 448 160 ‘smum
466 112 487 160 1.
505 115 529 161 5.
704 111 748 159 141

78 242 157 292 Terra
167 240 231 302 tulis
241 255 317 305 neque
327 240 394 305 queis
403 255 442 288 me
453 241 484 288 sit
493 241 620 290 devinctior
629 239 695 288 alter.
721 239 754 287 42

77 307 120 359 0!
140 306 183 371 qui
193 307 328 370 complexus
337 307 344 352 l
353 314 385 353 ¹ct
395 305 482 368 gaudia
492 314 580 369 quanta
589 304 701 353 fuerunt!

78 369 125 419 Nil
135 387 180 434 ego
190 371 325 418 contulerim
334 370 439 432 jucundo
449 385 520 418 sanus
531 370 612 418 amico.

79 437 195 484 Promis
205 436 327 499 Cernpano
337 436 404 510 ponti
414 451 468 499 quae
478 434 568 495 villula,
580 443 667 483 tectum
722 435 754 483 45

79 500 201 555 Praebuit3
219 509 243 547 et
252 500 355 562 parochi,
367 516 420 564 quae
430 500 515 548 debent
524 499 590 562 ligus
600 501 725 563 salcnrque.

79 566 145 613 Hinc
156 565 217 612 muli
228 565 317 627 Capuae
327 565 423 612 clitellas
435 574 538 628 tempore
548 574 646 626 ponunt.

79 629 175 677 Lusum
185 630 204 677 it
215 630 342 689 Maecenas,
354 629 481 677 dormitum
492 644 536 691 ego
545 628 721 692 virgiliusquec

79 695 193 758 Namque
203 694 253 757 pila
262 694 332 757 lippis
343 694 464 742 inimicum
475 703 499 741 et
509 693 588 742 ludere
598 692 681 741 crudis.

80 759 146 807 Hinc
156 774 199 806 nos
210 758 300 806 Cocceii
310 758 392 821 recipit
401 759 537 822 plenissima
547 757 612 817 villa,
722 760 755 805 50

17 836 21 845 ’
79 823 143 882 Quae
155 832 270 885 superest
280 823 358 871 Caudi
368 838 493 885 cauponas.
515 824 588 871 Nunc
598 821 657 870 mihi
667 821 748 885 paucis

79 888 199 936 Sarmenti
211 902 295 935 scurrae
305 901 411 949 pugnam
422 889 546 951 Messique
556 887 646 948 Cicirri,

80 951 164 1013 Musa,
176 952 246 1000 velim
256 967 384 1008 memores3
402 960 426 998 et
436 968 484 1015 quo
494 961 560 1016 patre
570 961 639 999 natus
649 959 748 1015 uterque

79 1016 212 1065 Contulerit
221 1017 281 1065 lites.
303 1016 380 1064 Moesi
391 1018 480 1065 clarum
490 1032 573 1080 genus,
585 1016 657 1075 Osci;

80 1081 198 1129 Sarmenti
205 1081 300 1130 domina
308 1089 390 1129 exstat.
413 1082 456 1130 Ab
463 1082 501 1128 his
508 1082 636 1144 maioribus
643 1081 689 1130 orti
722 1082 754 1127 55

79 1146 122 1193 Ad
132 1161 240 1209 pugnam
251 1149 347 1194 uenere:
365 1146 428 1209 prior
439 1148 583 1207 Sarmentus,
595 1147 661 1211 Equi
672 1154 697 1194 te

79 1210 139 1267 Esse
149 1211 193 1258 feri
204 1211 304 1259 similem
315 1211 373 1258 dico.
394 1211 527 1269 ,Ridemusc
545 1221 569 1259 et
578 1212 629 1273 ipse

80 1275 195 1336 Messius,
206 1275 320 1338 Accipi03
338 1283 408 1339 caput
419 1283 443 1323 el
452 1284 538 1324 movet.
556 1276 595 1325 O!
614 1285 656 1324 tua
666 1292 738 1325 cornu

81 1341 116 1388 Ni
125 1341 185 1388 foret
195 1349 287 1388 exsecto
297 1340 370 1400 frons,
381 1341 468 1405 inquit,
496 1340 538 1388 uid
548 1340 641 1401 faceres,
654 1356 709 1388 cum

81 1406 119 1454 Sic
129 1405 229 1455 mutilus
240 1405 371 1454 mitritaris?
387 1407 425 1453 At
434 1406 470 1453 illi
480 1358 541 1453 aeds
551 1406 646 1454 cicatrix
721 1406 754 1453 6⁰

80 1471 187 1518 Setosam
197 1469 251 1518 laevi
260 1469 361 1518 frontem
371 1478 505 1533 turpaverat
514 1471 569 1518 oris.

80 1535 231 1598 Campanum
238 1535 389 1595 inmorbum‚
396 1535 421 1582 in
429 1534 521 1595 faciem,
530 1536 648 1598 permulta
655 1535 754 1596 jocatus,

81 1600 203 1648 Passerem
214 1599 308 1648 saltaret
317 1600 354 1647 uti
364 1600 477 1664 Cyclopa,
488 1603 597 1663 rogsbst;

80 1664 124 1712 Nil
134 1665 171 1712 illi
181 1662 246 1712 latui
256 1672 297 1711 aut
307 1665 400 1727 tragicis
410 1680 469 1728 opus
480 1680 528 1712 esse
538 1664 663 1713 cothurnis.

80 1728 162 1777 Multa
169 1728 377 1777 Cicirrussdhaec=
395 1728 710 1790 Donissetjamnecatenam
721 1731 753 1776 65
840 1771 843 1777 .

79 1793 120 1842 Ex
130 1802 188 1843 voto
197 1794 316 1841 Laribus?
333 1796 467 1857 querebare
484 1794 559 1841 scriba
568 1794 632 1857 quod
643 1804 710 1855 esset,

80 1858 140 1906 Nilo
151 1858 251 1906 deterius
262 1857 362 1906 dominre
370 1859 410 1920 jus
420 1873 477 1907 esse.
499 1859 610 1921 Rogabat

45 1928 48 1951 ¹
80 1922 199 1987 Denique,
211 1937 252 1970 cur
262 1938 368 1988 unquam
378 1923 492 1985 fugissct3
509 1922 547 1970 cui
556 1924 612 1971 satis
622 1939 670 1974 una

80 1988 160 2036 Farris
170 1988 231 2035 libra
241 1987 308 2048 foret,
320 1987 402 2051 gracili
412 1987 453 2047 sic,
464 1997 560 2051 tamque
569 1990 672 2052 pusillo?

81 2052 181 2101 Prorsus
189 2052 294 2114 jucunde
304 2068 393 2102 coensm
404 2052 557 2115 produximus
567 2053 642 2102 illam.
722 2055 754 2111 70

82 2116 214 2228 Tendimps
235 2116 290 2166 binc
311 2118 372 2167 recti
394 2116 574 2180 Beneventum
596 2121 638 2168 ubi
660 2119 754 2168 sedulus

196 2196 263 2243 ospes

82 2248 162 2307 Paene,
173 2261 271 2307 macros,
283 2245 347 2307 arsit,
359 2247 439 2295 turdos
449 2248 508 2296 dum
519 2256 594 2297 versat
604 2247 629 2295 in
639 2249 708 2311 igne:

80 2312 146 2360 Nam
157 2326 218 2373 vaga
227 2326 269 2373 per
279 2319 379 2361 veterem
390 2311 438 2363 dila
490 2314 587 2364 flamma
596 2313 699 2361 culinam

80 2376 198 2435 Vulcano,
210 2391 331 2428 summum
341 2328 481 2438 properem
489 2379 590 2426 lambere
600 2386 695 2424 tectum.

81 2441 198 2490 Convivas
208 2440 288 2492 avidos
299 2455 387 2492 coenam
398 2457 520 2505 servosque
530 2441 637 2491 timentes
721 2442 754 2497 75

81 2506 147 2554 Tum
158 2520 247 2567 rapere,
258 2513 329 2568 atque
339 2519 419 2553 onmes
430 2507 571 2568 restinguere
582 2505 649 2567 velle,
658 2505 754 2556 videres.

81 2570 169 2633 Incipit
180 2585 210 2617 ex
221 2569 262 2617 illo
272 2578 364 2624 montes
372 2571 481 2633 Appulia
491 2578 557 2617 notos

18 2696 24 2709 .
81 2633 208 2684 Ostentare
217 2634 285 2696 mibi,
297 2649 355 2698 quoa
365 2642 436 2685 torret
445 2634 582 2694 Atabulus3
598 2643 622 2684 et
631 2650 692 2699 quoe
