1800 2934
140 135 173 182 28
384 133 572 183 ODAEINJtto

142 263 279 328 Tepanper
289 262 472 313 umbitsolliciti
481 277 549 326 prece
797 261 814 305 5

143 328 216 376 Ruris
227 329 337 384 colonum
354 336 386 387 te,
397 327 517 375 dominnm
526 324 634 390 equoris,

174 391 324 467 Quicumque
335 392 441 455 Bithyna
450 392 542 440 lacessit

206 456 360 521 Carpathium
370 456 466 520 pelagus
476 455 563 505 carina.

78 522 83 529 ’
142 521 181 569 Te
190 521 270 571 Dacus
282 537 357 583 asper,
369 531 392 569 te
402 521 496 585 profugi
507 518 608 583 Scytha,

142 586 273 650 Urbesque,
283 594 417 649 gentesque,
430 594 454 632 et
465 585 560 632 latium
572 584 646 644 ferox,
784 582 815 629 lo

171 651 319 726 Regnmqne
323 662 408 698 matres
418 651 615 708 barbarorum,et

204 715 321 780 Purpurei
333 722 441 762 metuunt
453 715 556 777 tyranni,

141 778 258 841 lnjurioco
269 796 299 828 ne
309 778 367 843 pede
378 793 474 842 proruas

140 845 246 893 Stantem
257 845 400 902 columnam,
410 858 457 891 neu
467 843 568 906 populus
577 842 686 907 frequens

173 909 215 957 Ad
226 924 291 957 arma
302 916 421 965 cessantes,
433 907 464 955 nd
474 923 540 956 arma
784 906 814 952 15

207 972 339 1033 Concitet,
332 973 503 1048 imperiumque
515 971 616 1036 franget.

142 1038 180 1087 'I'e
191 1054 282 1102 semper
291 1037 363 1086 anteit
373 1053 438 1085 servs
449 1038 587 1096 Necessitas,

142 1103 227 1152 Claros
237 1100 336 1150 trabales
346 1110 370 1150 et
380 1117 464 1150 cuneos
474 1116 548 1150 manu

175 1167 304 1216 Gestans'
284 1167 359 1223 einim
376 1181 419 1214 nec
429 1182 522 1215 severus

205 1233 287 1280 Uncus
297 1233 370 1291 abest,
381 1230 545 1294 liquidumque
555 1230 687 1294 plumbum
778 1231 812 1277 20

142 1298 179 1346 'l'e
190 1297 257 1360 Spes,
268 1304 292 1344 et
302 1297 355 1344 albo
365 1311 416 1343 rnre
427 1296 497 1351 Fides
507 1295 562 1342 colit

52 1409 60 1423 ,
140 1361 226 1412 Velata
236 1375 329 1425 pann03
345 1375 388 1408 nec
397 1360 506 1408 comitem
517 1362 626 1423 abnegat,

173 1427 309 1490 Utcumque
319 1422 409 1472 mutati
403 1432 525 1500 ⁸potentes

204 1489 277 1540 Veste
287 1489 384 1538 dornos'
377 1488 472 1536 mimica
481 1489 576 1565 linquis.

139 1555 177 1604 At
187 1555 271 1619 vulgus
281 1554 389 1614 infidum,
401 1555 544 1602 etmeretnx
554 1564 615 1603 retro
781 1554 815 1600 25

141 1621 239 1681 Periura
250 1619 323 1668 cedit.
342 1618 477 1682 diffugiunt,
489 1618 552 1668 cadis

173 1685 236 1733 Cum
247 1684 303 1733 faece
313 1683 409 1742 siccatis,
421 1683 498 1742 amici,

206 1750 294 1797 Ferre
284 1764 370 1812 jugum
381 1748 466 1811 pariter
476 1749 556 1796 dolosi.

141 1814 222 1863 Sernes
232 1814 321 1861 iturum
332 1814 447 1862 Cussrem
458 1813 483 1861 in
494 1814 588 1862 ultimos

140 1878 214 1927 Orbis
224 1878 358 1937 Britannos,
371 1887 393 1925 et
401 1879 515 1939 juvenum
527 1893 604 1927 recens
779 1879 815 1926 30

174 1943 282 1991 Examen
293 1942 352 1990 Eois
362 1942 492 1990 timendum

207 2006 324 2064 Partibus,
336 2007 477 2070 Oceanoque
487 2009 565 2055 rubro.

141 2071 227 2122 Eheu!
245 2071 376 2119 cicatricum
387 2079 410 2119 et
420 2072 511 2120 sceleris
521 2072 602 2135 pudet

140 2135 304 2203 Frenumque.
322 2135 387 2193 Quid
397 2150 439 2184 nos
449 2135 509 2183 durs
519 2088 647 2199 refugimus

173 2201 262 2251 AEtns?
279 2199 353 2264 quid
346 2207 460 2248 mtautum
470 2200 553 2248 nefasti
782 2201 817 2248 85

205 2265 350 2330 loquimus?
366 2265 428 2313 unde
438 2279 535 2312 manum
544 2267 656 2326 juventus

141 2326 213 2377 Metu
224 2329 329 2378 Deorum
340 2328 470 2376 continuit?
487 2329 573 2393 quibus

144 2393 165 2441 P
196 2393 251 2442 ercit
261 2392 323 2440 aris?
340 2392 364 2440 0
374 2392 466 2441 utinam
476 2394 537 2442 nova

190 2457 265 2506 ncude
275 2457 383 2520 diffingas
394 2466 506 2517 retusum,
517 2458 543 2506 in

208 2522 354 2586 Massagetas
363 2523 511 2586 Arabesque,
522 2523 617 2574 sermm.
780 2526 816 2573 40
