1800 2934
299 92 500 143 sennem-11.
516 97 541 144 3.
708 95 754 142 loa

37 234 40 241 “
83 218 219 282 Frusnere3
235 221 321 270 insanis
331 230 354 270 et
364 231 399 282 tu,
411 222 522 287 stultique
531 239 603 288 prope
612 217 701 284 omnes,
713 223 750 289 132

83 291 109 339 Si
120 286 178 350 quid
188 287 310 335 Stertinius
320 287 367 335 veri
378 297 470 350 crepam
488 288 550 336 unde
559 303 603 351 ego
612 289 672 337 mira

82 351 200 415 Duutpsi
210 351 289 399 docilis
298 360 412 415 praeopta
421 351 480 411 haec,
491 361 593 415 tempore
603 368 650 416 quo
660 368 699 401 me

83 420 176 468 Solatus
185 417 255 477 jussit
264 416 390 479 sapientem
400 432 493 480 pascere
503 418 607 476 barbam,
719 417 751 464 35

82 486 165 546 Atque
175 497 190 529 a
201 481 306 528 Fabricio
316 494 362 528 non
373 481 463 529 tristem
473 491 543 545 ponte
552 480 642 528 reverti.

15 562 17 565 ·
83 549 160 605 Nam,
171 545 233 593 male
242 546 350 607 regesti,
362 561 416 593 eum
426 546 510 594 vellem
520 545 611 592 mittere
621 553 699 608 operm

83 612 126 660 Me
137 610 213 672 capite
223 609 354 673 inlflumen,
365 609 445 658 dexter
455 609 526 670 stetit,
538 617 570 668 et,
582 609 677 671 illisve
687 609 747 657 laxis

84 676 121 723 'l'e
135 673 266 739 quidquam
282 673 419 738 indignum:
437 675 522 738 pudor,
538 673 625 738 inquit,
639 683 663 721 te
675 674 752 721 malus

182 739 255 802 ansis

84 805 184 853 Insanos
194 803 236 866 qui
245 804 305 852 inter
315 819 405 852 vereare
414 804 511 852 insanus
520 804 607 852 haberi.
720 803 757 851 lo

84 869 194 917 Primum
204 882 261 915 nam
271 869 397 932 inquiram,
407 870 466 932 quid
477 870 508 917 sit
518 868 609 928 furere;
625 867 670 916 hoo
680 867 699 915 si
709 867 753 915 erit

182 933 208 980 in
219 940 242 980 te

84 999 149 1057 Solo,
160 997 196 1045 nil
206 998 278 1057 verbi,
289 1014 368 1061 pereas
378 997 436 1061 quin
446 996 541 1057 fortiter,
552 999 645 1047 addam.

84 1063 165 1121 Quem
175 1063 239 1109 mala
249 1063 353 1123 stultitia,
366 1072 389 1111 et
399 1076 570 1126 quemcumque
579 1063 669 1112 inscitia
679 1062 730 1110 verl

84 1127 179 1176 Cenum
190 1127 246 1189 agit,
257 1127 365 1175 insanum
376 1125 501 1190 Chrysippi
510 1127 612 1190 porticus
622 1137 646 1176 et
655 1142 712 1190 grex

15 1222 16 1225 =
83 1194 209 1239 Autumat.
232 1192 258 1239 H
260 1208 291 1240 sec
298 1193 405 1256 populos,
413 1190 464 1238 hae
469 1205 566 1252 magnos
572 1192 674 1239 formula
679 1207 751 1256 reges,

83 1255 191 1318 Excepto
201 1256 311 1320 sapiente,
322 1265 393 1304 tenet.
414 1256 487 1302 Nune
497 1255 581 1318 aoeipe,
593 1272 664 1320 quare
720 1257 752 1303 46

83 1319 207 1384 Desipiant
217 1336 296 1369 omnes
307 1336 373 1384 aque
382 1337 409 1369 ae
418 1328 454 1380 tu,
465 1319 507 1383 qui
517 1319 559 1366 tibi
569 1334 653 1368 nomen

83 1385 171 1433 Insauo
181 1387 285 1447 posuere.
307 1384 381 1433 Velut
391 1385 463 1441 silvis,
474 1383 522 1431 ubi·
526 1384 613 1447 passim

83 1449 194 1497 Palantes
205 1465 267 1498 error
276 1459 337 1499 nerto
347 1450 377 1498 de
386 1449 479 1497 tramite
489 1449 563 1511 pellit,

82 1514 128 1562 Hle
139 1514 302 1576 sinistrorsum,
313 1515 352 1562 hio
362 1515 507 1562 dextrorsum
517 1513 579 1571 abit;
590 1529 652 1562 unus
659 1513 752 1576 utrique

82 1578 163 1639 Error,
175 1578 294 1627 Maedis
301 1579 379 1627 illudit
388 1578 507 1643 partibus:
522 1577 601 1627 hoste
719 1577 748 1623 sl

81 1643 156 1691 Crede
166 1643 237 1690 modo
246 1643 371 1701 insanum3
388 1643 462 1691 nihilo
471 1651 499 1690 ut
509 1643 631 1707 sapientior
641 1643 689 1700 ifle,

82 1707 132 1768 Qui
143 1706 382 1769 euenienesudam
391 1707 478 1755 trahat.
503 1708 547 1754 Est
557 1723 630 1770 genus
640 1723 715 1756 unum

81 1771 193 1821 sultitiae
203 1772 303 1821 nihilum
313 1772 438 1821 metuenda
449 1771 565 1828 timentis3
582 1781 611 1820 ut
619 1773 692 1837 ignes,

80 1837 116 1885 Ut
125 1852 197 1900 napea
207 1836 343 1902 fluviosque,
354 1838 379 1884 in
390 1852 472 1899 eampo
482 1839 571 1884 obstare
581 1846 705 1902 queraturr
718 1841 750 1886 55

80 1902 204 1959 Alterum,
211 1910 234 1949 et
241 1902 296 1950 huie
304 1900 418 1967 [varium]
429 1910 453 1949 et
462 1900 535 1948 nihilo
542 1903 675 1965 sapientius,
685 1904 751 1966 ignes

80 1966 128 2015 Per
138 1966 228 2014 medios
238 1967 366 2031 fluviosque
375 1965 477 2015 ruentis:
494 1966 578 2015 clamet
588 1969 662 2016 amioa

79 2029 170 2090 Mater,
181 2029 277 2080 honeste
287 2047 358 2090 soror,
369 2047 423 2080 eum
434 2030 545 2094 cognatis,
556 2041 629 2108 peter,
640 2048 714 2089 urion

79 2096 131 2144 Hic
141 2096 204 2143 fossa
215 2104 249 2144 est
258 2096 355 2160 ingens!
372 2096 412 2145 hic
421 2111 491 2159 mpes
500 2098 619 2145 maxima!
638 2097 715 2145 serva!

80 2162 138 2209 Non
148 2160 225 2224 magis
235 2161 341 2221 audierit,
353 2176 423 2226 quam
435 2161 518 2209 Fufius
528 2161 604 2210 ebrius
614 2161 679 2219 olim,
718 2163 750 2208 60

80 2226 144 2274 Cum
155 2225 258 2274 Ilionam
268 2226 383 2284 edormit3
400 2225 502 2274 Catienis
512 2226 577 2274 mille
587 2225 698 2283 ducentis,

79 2289 169 2351 Mater,
180 2298 204 2339 te
215 2291 315 2354 appello,
326 2291 486 2339 clamantibus.
508 2290 573 2339 Huic
583 2305 626 2352 ego
636 2289 734 2353 uulgum

78 2355 160 2403 Errori
171 2354 271 2403 similem
281 2365 391 2406 nunctum
401 2354 501 2403 insanire
511 2353 603 2403 docebo

79 2420 172 2483 Insanit
181 2429 267 2469 ramea
278 2429 365 2470 statuas
375 2420 534 2483 Damasippus
545 2417 656 2466 emendos

75 2477 175 2549 'Integer
185 2494 219 2533 est
228 2486 313 2535 mentis
323 2485 462 2548 Damasippi
472 2483 588 2532 creditor?
605 2491 653 2530 esto
659 2499 668 2540 3
718 2482 750 2530 65
839 2510 842 2519 ι

80 2550 179 2614 Aooipa,
190 2550 254 2616 quod
264 2564 386 2615 nunquam
397 2549 480 2597 reddas
489 2547 558 2607 mihi,
568 2547 588 2596 si
599 2546 642 2594 uti
651 2546 734 2603 dinam,
747 2606 749 2608 Ι

81 2614 153 2663 Tune
162 2614 259 2664 insanus
269 2616 321 2678 eris,
331 2616 353 2665 si
364 2613 493 2678 amsperis?
510 2627 540 2662 an
551 2612 626 2676 magis
636 2625 723 2668 exsors,
