1800 2934
288 105 433 164 S'ATIRAE.
452 109 487 156 11.
504 109 529 158 6.
701 108 746 162 172

73 238 149 290 Nunc
158 245 262 287 veterum
272 235 347 296 libris,
359 249 422 283 nunc
432 250 513 283 somno
524 245 547 285 et
556 237 668 296 inertibus
679 236 749 295 horis,

72 304 168 352 Ducere
177 301 280 350 sollicite
289 299 492 361 jucundooblivia
502 300 574 349 vito?
701 303 749 354 ,62

72 368 98 418 0
109 369 116 416 i
135 367 229 432 quando
238 366 293 415 isba
304 364 443 428 Pythagorae
453 372 558 426 cogitetis,
570 366 686 431 simulque

72 434 154 546 gructa
164 432 219 480 setis
229 429 311 494 pingui
352 438 437 476 nentur
447 428 552 477 oluscula
561 430 644 478 lardo?

110 505 189 546 noctes
199 510 314 558 coennque
349 493 418 544 eum!
437 493 523 557 quibus
532 494 590 556 ipse,
600 495 702 558 meique,
718 497 749 543 dd

72 562 140 611 Ante
150 562 224 609 larem
233 558 355 623 proprium
366 573 453 617 vescor,
465 572 592 621 seruosque
603 560 707 621 procecei

74 627 149 675 Pssco
158 624 237 674 libetis
247 623 354 686 dapibus,
371 622 447 670 Prout
458 622 542 686 cuique
551 623 624 672 libido
634 632 678 683 est,

73 691 151 739 Siccus
160 689 285 752 inequales
296 688 377 736 edices
388 687 493 746 convive,
505 687 594 735 solutus

72 755 180 818 Legibus
190 753 293 808 insanior
311 768 352 800 seu
364 751 416 816 quis
427 751 489 815 capit
499 752 561 800 ocris
570 752 636 800 fortis

72 819 171 878 Pocula,
184 834 224 866 seu
234 817 331 866 modicis
342 817 431 864 urescit
440 816 525 865 letius.
541 817 606 876 Ergo
717 818 749 872 7⁰

72 885 156 933 Sermo
166 883 248 940 oritur,
259 896 306 929 non
317 880 347 928 de
358 881 419 928 villis
430 881 567 930 domibusve
577 881 667 940 alienis,

73 949 135 1009 Nec,
147 945 476 1007 mnlenecneiaeposssltetc
494 945 543 1006 sed,
558 946 749 1010 quodmsgissd

171 1026 215 1060 nus

73 1076 188 1138 Pertinet,
199 1084 223 1123 et
232 1074 319 1123 nescire
329 1075 420 1122 malum
433 1082 477 1133 est,
489 1074 622 1137 ngimmusr
639 1084 751 1126 utrumne

73 1140 171 1189 Divitiis
181 1137 295 1197 homines,
307 1153 337 1186 su
348 1139 395 1187 sint
405 1138 492 1188 virtute
501 1139 582 1188 besti?

72 1205 169 1265 Quidve
179 1204 210 1252 sd
220 1203 340 1261 amicitias,
352 1218 408 1250 usus
418 1210 546 1262 rectumne,
557 1205 634 1253 trahat
643 1208 706 1254 nos?
718 1205 751 1260 75

72 1271 106 1318 Et
117 1285 173 1334 que
183 1269 214 1316 sit
223 1277 307 1316 nemra
316 1266 394 1316 boni?
410 1282 577 1330 summumque
587 1270 644 1332 quid
655 1270 725 1331 ejus?

73 1334 182 1394 Cervius,
193 1332 243 1380 haec
253 1333 321 1392 inter,
332 1332 422 1380 vicinus
431 1331 504 1395 garrit
514 1333 587 1380 aniles

71 1400 114 1448 Ex
124 1414 151 1446 re
161 1398 266 1446 fabellas.
287 1397 313 1446 si
323 1396 376 1459 quis
386 1411 442 1444 nem
453 1396 534 1450 laudet
543 1396 621 1445 Arelli

73 1463 192 1514 Sollicitas
202 1462 296 1525 ignarus
306 1477 370 1525 opes,
382 1460 415 1509 n‘c
426 1460 523 1523 incipit:
543 1467 564 1519 {1
571 1462 638 1511 Olim

72 1527 188 1577 Rusticus
198 1528 314 1575 urbanum
324 1540 415 1573 murs·
425 1541 480 1573 mus
490 1542 591 1590 paupere
601 1527 674 1575 fertur
721 1530 753 1575 80

73 1592 201 1656 Accepisse
211 1606 275 1649 cero,
286 1599 387 1638 veterem
398 1597 464 1638 vetum
475 1589 557 1653 hospes
568 1591 685 1648 emicum3
696 1637 700 1648 ,

72 1659 163 1720 Asper,
175 1664 199 1703 et
208 1662 310 1703 attentus
321 1653 432 1717 quesitis,
444 1662 472 1701 ut
482 1662 560 1702 temen
572 1663 662 1703 erctum

72 1722 181 1770 Solveret
189 1719 295 1782 hospitiis
305 1719 418 1766 animum.
437 1716 504 1776 Quid
514 1717 589 1766 multa
599 1722 610 1766 ?
625 1734 701 1784 neque
712 1720 752 1770 ille

72 1783 176 1850 Sepositi
187 1783 273 1841 ciceris,
283 1798 326 1830 nec
335 1783 412 1844 longae
422 1781 508 1828 invidit
517 1797 610 1830 avene:

72 1849 182 1899 Aridum
193 1856 216 1896 et
225 1862 264 1896 cre
274 1846 349 1896 serens
359 1846 463 1900 acinum,
474 1860 607 1909 semesaque
617 1848 676 1897 lsrdi
719 1853 750 1897 85

71 1915 164 1964 sunta
173 1912 245 1970 dedit,
257 1911 352 1974 cupiens
363 1910 427 1958 verit
437 1909 531 1957 fastidis
540 1912 605 1959 coni

72 1979 183 2028 Vincere
189 1976 303 2037 tangentis
312 1975 374 2022 mole
386 1974 478 2036 singulo
488 1974 556 2022 dente
567 1980 665 2040 superbo
673 1996 681 2035 3

71 2043 141 2094 Cum
151 2049 218 2105 peter
227 2040 277 2102 ipse
286 2039 378 2098 domus,
389 2037 457 2102 pelei
467 2047 584 2101 porrectus
593 2042 618 2089 in
629 2042 712 2103 homi,

71 2107 147 2156 Esset
157 2105 215 2153 ador
224 2103 361 2167 loliumque,
373 2102 438 2166 dapis
450 2102 545 2151 meliors
555 2105 695 2169 relinquens.

71 2170 188 2224 'funden
203 2170 306 2244 urbanus
321 2168 350 2216 cd
366 2168 438 2227 hunc,
456 2166 521 2226 Quid
537 2177 561 2216 te
574 2170 649 2230 juret,
666 2171 732 2235 inqui

71 2298 196 2362 Praerupti
206 2298 305 2346 nemoris
315 2297 440 2359 potientem
451 2297 527 2345 vivere
537 2296 623 2345 dorso?

71 2366 122 2414 Vis
134 2374 161 2411 tu
171 2363 277 2411 homines
287 2363 416 2425 urbemque
426 2361 480 2408 feris
490 2375 621 2423 preponere
631 2362 712 2411 silvis?

72 2429 157 2491 Carpe
167 2427 228 2475 viem
242 2425 313 2490 (mihi
320 2424 396 2486 crede)
408 2440 493 2485 comes,
503 2424 616 2473 terrestria
626 2428 720 2490 quando

70 2493 195 2546 Mortales
204 2490 293 2540 enimus
303 2489 385 2538 vivunt
395 2490 483 2548 sortite,
494 2504 569 2551 neque
579 2489 628 2536 ulla
639 2500 673 2540 est

71 2560 133 2607 Aut
143 2570 230 2619 mcgno
241 2562 282 2603 eut
292 2570 363 2617 parvo
373 2554 414 2601 leti
424 2554 497 2616 fuga:
515 2568 571 2615 quo,
583 2554 651 2614 bone,
663 2557 730 2606 circo.

71 2623 148 2671 Dum
158 2620 221 2678 licet,
233 2619 258 2668 in
268 2620 337 2667 rebus
345 2618 454 2679 jucundis
465 2617 516 2666 vive
526 2617 606 2665 beatus
616 2637 625 2679 ;
722 2622 753 2670 96
