1800 2934
304 85 453 139 sumum
470 88 506 138 11.
523 60 548 138 sl.
716 94 758 147 111

91 215 147 265 Non
158 213 248 293 sliquid
257 216 338 279 petris
348 222 412 264 teuto
421 216 523 266 emetiris
533 222 633 268 suerro?
714 221 759 269 11111

90 280 139 329 Uni
149 295 262 328 nrmrrum
272 280 315 328 tibi
326 288 387 354 recte
397 294 488 345 semper
498 290 567 330 erunt
576 286 632 332 res?

14 372 15 405 3
90 344 523 409 Omngnusposthsemimicisrinrs!
541 346 629 395 Uteme

14 452 15 455 ,
90 409 131 458 Ad
142 425 208 458 ossus
218 408 301 456 dubios
310 408 366 455 fidet
377 409 420 456 sibi
431 410 533 458 certius?
550 410 597 469 hic,
608 411 649 474 qui

91 474 204 522 Pluribus
213 472 311 523 seueris
320 481 423 523 mentem
434 489 563 538 corpusque
573 478 714 538 superbums

89 538 139 598 An,
150 538 202 602 qui,
213 545 333 586 contentus
343 553 415 601 perro
425 549 577 602 metuensque
587 538 670 600 futuri,
712 542 759 590 llt)

89 603 120 651 In
129 618 195 667 pace,
207 611 235 651 ut
245 602 343 665 sepiens,
354 602 441 666 sptirit
450 603 533 653 idonee
542 603 623 652 bello?

89 666 297 780 Quombrqieqlhis
319 667 413 725 creden
440 667 753 734 pusrhuncegopervus

251 746 292 780 nm

87 796 189 862 Integris
198 797 281 860 opibus
291 797 346 846 novi
355 810 403 845 nnn
412 795 483 845 istius
492 811 570 853 umm,

87 862 168 922 Quem
179 875 242 909 nune
252 861 337 909 secius.
356 860 453 920 Videas,
464 870 552 910 metsto
560 862 587 911 in
597 862 682 926 agello,

87 928 151 976 Cum
162 941 244 991 penore
254 934 277 973 et
286 927 355 984 natis,
366 925 450 973 fortem
460 926 565 975 mercede
575 927 693 988 uolonum,
711 929 757 978 111

87 995 104 1055 1
112 992 170 1040 Non
180 1004 232 1054 ego,
243 1000 383 1049 uertentem,
392 1000 479 1038 temere
489 990 527 1037 edi
536 991 589 1040 luce
598 992 700 1055 profesti

86 1056 225 1131 Qudqusm
236 1064 318 1118 preter
328 1056 388 1114 ulus,
398 1054 497 1103 fumosus
507 1070 561 1103 cum
571 1057 631 1121 pede
641 1072 734 1120 perna:

84 1119 734 1187 Acmmmulmgumposttempusvenersthospes,

85 1187 139 1235 Sive
150 1199 248 1248 operum
256 1198 331 1245 yseuo
340 1192 420 1247 gratus
430 1184 527 1231 mnvivs
536 1200 578 1247 per
587 1186 686 1236 imbrem

85 1250 194 1307 Vicinus,
205 1250 264 1297 bene
274 1256 331 1307 eret,
342 1263 390 1297 uon
400 1248 502 1311 piscibus
512 1250 569 1296 urbe
579 1250 665 1312 petitis,
711 1254 758 1303 120

85 1314 132 1364 Sed
143 1314 209 1378 pullo
219 1322 289 1377 utque
299 1313 381 1361 haedor
397 1321 450 1361 tum
460 1313 555 1376 pensilis
565 1329 612 1362 uvs
621 1316 732 1366 secundus

84 1379 119 1428 Et
128 1394 180 1426 nux
191 1379 287 1426 ornubst
296 1392 396 1437 menses,
408 1393 463 1427 tum
474 1377 566 1441 duplise
575 1378 636 1427 ficu:

85 1444 144 1495 Post
153 1443 198 1493 hoc
208 1442 278 1491 ludus
288 1451 337 1491 erut
347 1442 417 1506 culpe
426 1450 506 1506 potere
516 1443 642 1507 magistr&

84 1510 123 1557 Ac
134 1515 243 1558 veneratu
253 1506 330 1568 Ceres,
342 1507 376 1555 ite
385 1507 464 1555 culmo
474 1517 579 1571 surgeret
588 1509 645 1570 ulto,

84 1572 208 1637 Explicuit
218 1572 272 1621 vino
282 1572 571 1621 contrattseserisfrsntis.
709 1576 755 1627 125

83 1637 181 1698 serint,
232 1653 262 1685 ue
271 1651 343 1685 novos
352 1646 444 1686 moveat
455 1637 560 1685 Fortuna
570 1638 702 1697 tumultum

83 1702 209 1763 Quantum
240 1702 245 1712 ’
263 1717 276 1749 c
288 1701 430 1750 imminuet?
447 1710 535 1765 quanto
547 1712 588 1749 eut
600 1719 644 1767 ego
654 1704 756 1767 persius,

180 1774 222 1814 eut
232 1781 281 1825 ves,

82 1832 107 1887 0
117 1830 196 1896 pueri,
206 1830 315 1890 1111111111,
326 1838 354 1878 ut
363 1830 410 1878 huc
420 1844 495 1878 novus
505 1830 580 1879 iuesls
590 1832 671 1885 veuit?

81 1898 148 1947 Nam
159 1895 259 1960 proprie
268 1894 357 1945 telluris
366 1894 450 1943 herum
460 1902 544 1945 usturs
554 1912 630 1961 neque
640 1900 718 1961 illum,

82 1962 136 2011 Nec
146 1975 194 2020 me,
205 1975 248 2008 nec
257 1974 410 2024 quemquam,
420 1960 508 2008 stamit.
531 1961 583 2010 Nos
593 1964 682 2027 expulit
692 1965 748 2023 isse3

81 2027 159 2076 Illum
169 2032 212 2072 eut
221 2025 342 2089 nequities,
353 2032 395 2073 sut
405 2025 465 2073 vafri
474 2025 564 2074 inscitie
572 2028 640 2088 juris,
708 2029 752 2076 131

82 2091 208 2140 Postremo
218 2090 318 2152 expellet
328 2098 387 2138 certe
397 2090 498 2138 vivacior
507 2091 587 2140 haeres.

81 2156 156 2206 Nunc
166 2170 221 2217 ager
231 2155 346 2203 Umbreni
356 2156 400 2203 sub
410 2156 514 2216 nomine,
524 2172 598 2219 nuper
609 2156 683 2207 Ofelli

81 2219 176 2279 Dictus,
189 2217 256 2283 [erit]
268 2219 328 2266 nulli
338 2220 460 2295 propriuss
477 2220 517 2269 sed
529 2219 617 2285 [sedet]
629 2222 654 2269 in
665 2235 734 2269 usum

82 2285 157 2333 Nune
166 2283 234 2343 mihi,
246 2298 309 2332 nunc
320 2285 374 2335 shir
391 2285 498 2349 quocirca
508 2285 578 2333 vivite
587 2285 666 2345 fortes,
707 2285 754 2333 131

81 2349 208 2413 Fortisque
218 2348 318 2399 adverus
328 2350 438 2415 opponite
447 2360 539 2414 pectora
548 2351 625 2399 rebus.
