1800 2934
149 121 200 177 t72
323 78 329 87 ·
360 119 604 170 sATlRAE.-11..t
880 79 881 154 i

148 250 196 297 ·Nil
206 249 250 297 nisi
260 250 312 298 lene
321 249 398 298 deeets
414 248 463 297 leui
472 239 596 311 precordia
606 249 683 297 mulso
766 285 770 293 .
785 250 813 297 tc
875 161 881 340 Ι

150 313 266 362 Prclneris
275 315 366 362 melius.
384 315 410 363 Si
420 313 478 361 dure
487 313 614 361 morabitur
624 314 700 378 einis,
880 345 881 348 =

147 379 251 441 Mytilus
262 389 285 427 et
295 380 351 427 viles
361 379 448 442 pellent
459 378 572 426 obstantis
582 378 683 438 conche,

149 444 183 490 Et
195 443 283 505 lcpstbi
293 444 369 492 brevis
379 444 459 503 herbe,
471 442 512 490 sed
521 443 574 489 cibo
584 457 631 489 non
642 442 692 490 sine
702 440 758 489 Coo

150 507 252 555 Lubrica
261 517 379 556 nascentes
389 508 488 571 implent
498 507 616 569 conchylis
625 505 695 553 lunae.
785 507 815 555 3⁰

150 571 196 619 Sed
207 587 253 619 non
264 588 333 621 omne
342 588 406 619 mere
416 581 451 619 est
461 586 575 634 generosae
584 570 659 618 fertile
669 578 741 618 teste.

149 636 243 685 Murice
253 638 343 685 Beieuc
354 636 435 684 melior
446 636 547 684 Lucrina
556 635 640 697 peloris
649 653 656 682 t

149 700 234 749 Ostrea
244 702 346 761 Circeiis,
358 701 451 748 Miseno
461 700 567 747 oriuntur
577 699 668 757 echini3

149 765 378 830 Pectinibuspctulis
386 766 458 826 jactat
469 764 573 811 semolle
584 764 723 812 Tarentum.
880 817 881 820 Ἴ

149 830 201 877 Nec
212 830 257 878 sibi
267 845 382 879 coeuarum
390 829 466 892 quivis
476 836 561 876 temere
571 837 662 891 arroget
672 837 755 888 artem,
785 828 814 875 35

150 895 206 942 Non
219 895 284 958 prius
295 894 375 943 exacte
385 893 449 940 tenui
460 892 548 940 ratione
558 908 674 956 saporum.

149 959 202 1006 Nec
212 959 266 1006 satis
276 968 311 1007 est
321 958 373 1006 ceris
382 957 456 1021 pisces
467 972 567 1005 everrere
577 958 666 1018 mensi,

148 1023 261 1085 Ignarum
271 1023 356 1088 quibus
367 1031 401 1070 est
408 1024 447 1084 jus
458 1022 543 1085 aptius,
555 1031 578 1070 et
588 1022 672 1086 quibus
683 1023 740 1072 assis

148 1087 286 1150 Languidus
296 1088 320 1134 in
331 1088 436 1135 cubitum
444 1088 495 1148 jem
506 1101 531 1134 se
541 1087 637 1134 conviva
648 1096 750 1149 reponet.
762 1090 766 1095 ’

148 1151 247 1211 Umber,
259 1161 282 1199 et
290 1152 365 1214 ilignis
374 1151 476 1199 nutritus
486 1151 578 1213 glande,
588 1151 700 1199 rotundas
785 1151 813 1198 to

149 1215 236 1263 Curvet
245 1231 301 1279 aper
311 1217 387 1264 lances
397 1231 489 1264 carnem
501 1215 593 1263 vitantis
603 1215 716 1263 inertem:

148 1279 213 1327 Nem
224 1281 329 1329 Laurens
339 1281 415 1329 melus
426 1289 468 1338 est,
480 1279 539 1327 ulvis
550 1288 573 1327 et
583 1279 696 1327 arundine
706 1278 803 1343 pingens·

147 1344 226 1393 Vince
235 1346 351 1394 submittit
361 1360 453 1408 capreas
464 1359 511 1391 nou
522 1359 613 1406 semper
623 1344 710 1392 edules.

148 1408 264 1458 Fecundae
273 1411 357 1473 leporis
367 1409 458 1473 sepiens
468 1408 591 1456 sectabitur
601 1424 685 1458 ermes.

147 1474 254 1522 Piscibus
263 1483 334 1538 atque
344 1473 425 1521 eribus
432 1488 486 1537 quse
496 1482 579 1520 nature
589 1481 611 1520 et
622 1473 680 1521 foret
690 1481 754 1534 tetes,
786 1472 814 1519 to

148 1538 213 1587 Ante
223 1555 302 1587 meum
313 1539 373 1586 nulli
382 1539 458 1600 potuit
468 1536 565 1601 quesite
574 1538 686 1600 palatum.

148 1604 322 1668 Suntquorum
328 1601 449 1666 ingenium
455 1617 515 1650 nove
521 1609 612 1649 tantum
618 1603 722 1650 crustela
727 1600 815 1667 proruit

143 1668 306 1733 »Nequiquam
316 1668 370 1715 satis
380 1667 405 1713 in
416 1682 441 1714 re
450 1665 498 1714 uni
514 1680 648 1713 consumere
658 1682 739 1714 curem
744 1685 753 1725 3

47 1778 53 1788 ,
147 1732 183 1779 Ut
193 1733 214 1779 si
225 1734 277 1797 quis
288 1733 423 1791 columboe,
435 1731 498 1778 mels
508 1745 537 1778 ne
547 1730 593 1777 sint
604 1731 666 1791 vine,
677 1731 775 1792 laboret,

147 1795 220 1854 Quali
230 1798 353 1860 perfundet
363 1797 435 1861 pisces
445 1810 538 1843 securus
549 1795 617 1843 olivo.
785 1794 815 1842 5⁰
880 1815 881 1832 u

147 1858 251 1908 Massica
261 1862 281 1908 si
292 1863 348 1909 coelc
359 1875 476 1923 suppones
487 1859 541 1908 vina
551 1875 638 1921 sereno,

146 1924 279 1982 Nummi,
290 1926 310 1972 si
320 1926 377 1989 quid
387 1925 458 1972 crassi
468 1933 510 1981 cst,
521 1924 654 1972 tenuabitur
664 1925 732 1985 euri,

146 1988 181 2035 Et
191 1988 283 2036 decedet
293 1990 349 2036 odor
356 1990 431 2037 nervis
442 1988 565 2048 inimicus3
582 1997 607 2038 et
616 1989 658 2037 itta

147 2053 270 2116 Integrum
280 2054 381 2117 perdunt
391 2054 439 2101 linc
449 2053 529 2100 vitiata
540 2068 653 2116 saporem·
880 2077 881 2092 u

147 2117 283 2176 Surrentina
293 2117 356 2165 vafer
366 2116 562 2181 quimiscetfaece
573 2117 673 2166 salernu
786 2118 817 2164 bb
880 2133 881 2184 p

147 2182 220 2240 Vine,
232 2182 363 2230 columbino
373 2182 458 2229 limum
468 2183 527 2229 bene
537 2181 624 2244 colligit
633 2198 692 2238 ovo;
880 2191 881 2200 ¹

148 2246 272 2305 Quietenus
282 2247 330 2294 ime
339 2246 398 2311 petit
408 2246 501 2293 volvens
512 2245 586 2294 eliens
596 2245 696 2294 vitellus.

139 2311 227 2358 tostis
237 2320 376 2358 marcentem
387 2310 477 2373 squillis
488 2310 598 2358 reueubis
608 2319 631 2357 et
641 2310 704 2359 Afric

147 2373 256 2421 Peterem
267 2375 373 2429 cochleb;
392 2389 447 2421 nem
458 2374 547 2422 lactuca
557 2374 646 2422 innatet
656 2376 704 2424 ocri

147 2434 204 2481 Post
215 2437 295 2483 viuum
306 2437 437 2485 stomacho:
454 2437 527 2497 perui
536 2438 611 2499 magis
622 2453 649 2484 ec
659 2439 735 2501 magis
745 2438 810 2486 hillis
880 2485 881 2488 ,

147 2496 249 2557 Flagitst
259 2499 284 2544 in
294 2515 384 2548 morsus
394 2500 471 2557 refici3
488 2500 545 2562 quin
556 2501 635 2549 omnis
645 2503 713 2550 malit
786 2502 817 2550 61

147 2557 307 2624 Quaecumque
317 2563 444 2611 immundis
454 2562 543 2610 fervent
552 2564 617 2613 illata
627 2565 728 2628 popinis.

139 2618 192 2666 Est
201 2635 276 2681 operae
288 2625 389 2686 pretium
399 2626 498 2688 duplicis
508 2642 640 2689 pernoscere
648 2625 708 2695 juris
