1800 2934
281 111 472 163 EPISTOIAE.
489 112 527 163 11.
542 116 567 161 2.
703 112 751 162 231

82 241 474 307 Quodnonplnrsdstisinvenerit
491 240 679 291 Ettsmenidem
703 242 755 292 192
774 222 779 228 i

82 309 145 358 Scire
154 307 240 367 volam,
252 316 368 371 quantum
378 306 479 369 simplex
488 306 614 370 hilarisque
624 306 704 371 nepoti

81 374 210 436 Discrepet,
221 381 245 421 et
255 381 370 436 quantum
380 370 493 419 discordet
502 386 585 435 porcus
596 387 673 420 avaro.

81 438 236 497 visetenim,
245 452 340 500 spargas
347 444 389 482 tus
396 435 515 499 prodigus,
524 450 555 482 sn
562 450 638 498 neque
646 444 752 485 sumtum

81 503 173 551 Invitus
182 502 261 561 iscius,
271 516 348 565 neque
357 501 426 564 plura
436 516 517 564 putare
527 500 633 557 laborm
705 501 752 562 196

80 567 120 615 Ac
129 568 215 630 potius,
226 582 285 631 puer
294 576 322 613 ut
332 565 395 613 festis
405 564 584 629 quinquatribus
594 565 660 628 olim,

80 627 175 695 Exiguo
185 640 297 695 gratoque
305 630 390 678 fruaris
400 638 504 694 tempore
514 629 607 693 raptim.

82 696 207 761 Pauperiss
216 695 339 744 immunda
349 694 421 743 domu
430 695 512 757 procul
520 694 594 742 absits
612 710 663 759 ego,
672 703 753 744 utrum

81 760 151 809 Nave
160 761 221 809 ferar
229 761 316 825 magni
326 774 357 807 sn
367 760 448 824 parvis,
460 760 521 807 fersr
531 773 592 807 unus
603 769 626 807 et
636 759 706 809 idem.

82 825 140 873 Non
150 826 242 889 agimur
251 825 347 873 tumidis
357 824 415 872 velis
424 825 544 889 Aquilone
554 825 671 882 secundos
705 825 751 874 201

83 891 140 938 Non
150 899 228 938 tumen
239 889 339 938 adversis
350 898 441 945 aetstem
451 889 559 937 ducimus
569 889 680 952 Austris3
714 932 717 940 .

83 954 188 1013 Viribus,
199 954 302 1017 ingenio,
314 953 397 1016 specie,
408 952 500 1013 virtute,
511 954 570 1015 loco,
582 968 616 1015 re,

84 1018 193 1067 Extremi
203 1019 342 1082 primorum,
354 1016 463 1065 extremis
474 1032 547 1080 usque
557 1018 652 1095 priores.

81 1084 139 1132 Non
149 1099 173 1131 es
183 1098 282 1132 avaruss
299 1082 345 1130 sbi.
368 1078 453 1139 Quid?
469 1089 550 1129 cetere
557 1099 608 1144 Jsm
619 1084 690 1133 simul
700 1083 746 1133 isto

84 1148 146 1197 Cum
157 1148 214 1195 vitio
224 1147 327 1210 fugire?
344 1154 406 1194 caret
416 1145 459 1193 tibi
469 1154 552 1209 peetus
560 1147 624 1196 inani
707 1149 756 1198 2⁰6

82 1212 238 1261 Ambitione?
254 1219 316 1259 curet
325 1211 408 1259 mortis
417 1209 550 1272 fonnidine,
562 1221 585 1259 et
594 1212 646 1262 iri?

83 1277 188 1336 Somnia,
198 1286 295 1324 terrores
305 1276 416 1339 magicos,
427 1274 548 1335 miracula,
560 1292 636 1339 seges,

83 1343 218 1390 Nocturnus
230 1343 339 1401 lemures,
351 1349 503 1405 portentaque
515 1340 635 1404 Thessala,
647 1342 728 1392 rides?

82 1407 181 1455 Natales
190 1415 256 1470 grate
269 1408 396 1454 numeres?
413 1404 514 1469 ignoscis
524 1406 623 1456 amicis?
652 1413 654 1418 ⁴
707 1408 759 1457 210

82 1471 170 1520 lenior
180 1480 203 1519 et
212 1472 294 1519 melior
303 1471 332 1520 fis
342 1470 462 1518 secedente
473 1472 585 1520 senecti?

82 1536 149 1595 Quid
160 1544 184 1583 te
193 1544 286 1583 exemto
293 1538 361 1597 juvat
398 1534 444 1582 inis
455 1533 484 1583 de
494 1536 601 1600 plumbus
611 1540 681 1587 uns?

81 1601 168 1649 Vivere
178 1600 198 1648 si
208 1609 268 1649 reete
278 1600 359 1661 neseis,
441 1600 550 1663 operitis.

81 1666 171 1715 Lusisti
182 1665 246 1724 sotis,
258 1665 325 1713 edisti
335 1665 400 1726 satis,
412 1672 483 1727 atque
492 1665 586 1714 bibistis

82 1730 190 1792 Tempus
200 1729 263 1777 abire
272 1730 315 1777 tibi
327 1739 376 1789 est3
392 1737 516 1792 nepotum
526 1730 613 1794 largius
623 1746 691 1800 equo
707 1732 757 1781 215

82 1794 170 1844 Rideat
180 1802 203 1845 et
212 1795 290 1859 pulset
299 1793 386 1844 lasciva
396 1793 514 1843 decentius
525 1803 589 1845 setes.
