1800 2934
316 40 461 90 SATIRAE.
478 42 516 91 11.
535 44 556 90 l.
722 40 766 95 157

99 158 139 221 Ne
148 172 248 234 longum
257 169 357 227 faciam
374 186 414 219 seu
423 186 463 219 me
471 171 596 235 tranquilla
606 177 711 219 senecms
734 167 767 222 57

99 236 237 300 Exspectat,
248 250 289 283 seu
300 233 367 282 Mors
377 235 431 283 atris
441 234 590 284 circumvolat
600 237 657 291 alisc

98 300 181 360 Dives,
192 299 269 362 inops,
280 299 372 358 Roma,
384 314 424 347 seu
434 300 481 348 fors
491 300 525 346 ita
532 300 633 360 jusserit,
644 299 728 358 exsul;

98 363 214 428 Quisquis
224 364 268 412 erit
278 364 339 422 rite,
348 363 456 423 scribam,
467 365 536 413 color.
549 366 568 420 l
578 364 602 414 Ο
612 365 685 439 puer!
697 372 725 411 ut
735 363 766 410 sis

98 429 193 489 vitalis,
204 436 300 485 metu03
317 438 340 475 et
349 429 465 490 majorum
475 443 505 476 ne
515 429 568 492 quie
577 444 664 476 amicus
733 428 763 474 61

99 494 196 556 Frigore
205 501 229 541 te
239 492 312 541 feriat
329 494 345 548 i
356 492 439 552 Quid?
456 507 510 540 cum
521 501 555 540 eet
565 493 670 541 Lucilius
680 508 750 540 ausus

97 556 193 606 Primus
203 558 229 605 in
239 556 301 605 hunc
311 557 385 621 operis
396 572 532 621 componere
541 558 643 605 carmina
652 572 749 616 morem,

97 620 227 670 Detrahere
237 629 261 669 et
270 622 363 685 pellem,
375 621 463 670 nitidus
473 621 521 686 qui
532 622 629 685 quisque
639 636 680 684 per
690 635 730 668 ora

98 686 203 745 (lederet,
214 686 339 734 introrsum
348 686 439 750 turpis;
457 701 516 734 num
526 686 623 743 laelius,
635 684 709 748 etqui
733 684 764 731 65

97 749 176 798 Duxit
185 752 216 798 ab
226 751 335 814 oppressi
345 751 454 799 meritum
465 750 605 814 Carthagine
615 763 709 809 nomen,

97 806 196 878 Ingenio
207 814 306 863 offensi?
322 824 364 863 aut
373 816 428 864 leno
438 815 533 864 noluere
543 815 651 874 Metello,

96 879 249 943 Famosisque
259 880 329 943 Lupo
339 889 444 943 cooperto
454 881 576 928 versibus?
592 878 670 942 Atqui

97 944 213 1005 Primores
223 943 304 1007 populi
314 944 419 1019 arripuit,
430 945 591 1008 populumque
600 942 721 1002 tributim

97 1008 190 1057 Scilicet
199 1009 242 1056 uni
252 1024 332 1072 equus
342 1008 422 1057 virtuti
431 1016 502 1072 atque
512 1010 562 1070 ejus
572 1008 659 1057 amicis.
731 1007 763 1062 7⁰

97 1071 172 1132 Quin,
183 1073 226 1120 ubi
236 1089 260 1121 se
270 1088 285 1119 a
294 1073 365 1136 vulgo
375 1082 398 1121 et
408 1074 475 1121 sceui
485 1073 510 1120 in
521 1083 606 1122 secreta
615 1075 732 1123 remorant

96 1136 179 1185 Virtus
190 1137 303 1201 Scipiades
313 1146 336 1185 et
345 1137 409 1184 mitis
419 1137 531 1200 sapientia
541 1139 617 1195 Leli3

94 1200 189 1265 Nugeri
200 1216 254 1250 cum
264 1201 314 1262 illo,
326 1210 349 1249 et
359 1200 463 1248 discincti
471 1201 559 1261 ludere,
571 1201 642 1250 donec

95 1264 269 1342 Decoqueretur
275 1266 335 1328 olus,
344 1264 412 1314 soliti.
428 1265 552 1329 Quidquid
560 1281 613 1313 sum
621 1281 672 1328 ego,
679 1283 763 1330 quum·

92 1393 159 1443 Infra
169 1347 249 1444 Ldsscin
259 1410 353 1444 censum
363 1394 539 1459 ingeniumque,
551 1404 628 1444 tamen
638 1411 677 1444 me
730 1395 762 1450 75

95 1460 156 1508 Cum
167 1459 259 1524 magnis
269 1460 353 1509 vixisse
362 1460 435 1508 invita
445 1460 554 1509 fatebitur
564 1477 638 1524 usque

95 1524 198 1585 Invidia,
210 1534 241 1585 et,
253 1525 330 1588 fragili
340 1540 443 1589 quarens
453 1524 541 1574 illidere
552 1525 653 1584 dentem,

93 1589 204 1638 Offendet
213 1588 300 1637 solidos
318 1589 363 1638 nisi
373 1589 430 1654 quid
440 1598 476 1649 tu,
488 1590 554 1638 docte
565 1589 669 1649 Trebati,

92 1652 215 1702 Distentis.
232 1657 250 1717 1
258 1653 375 1717 Equidem
386 1654 446 1701 nihil
455 1654 510 1703 hinc
520 1654 647 1716 defringere
657 1668 760 1716 possum.

91 1718 237 1776 sedimen,
248 1727 275 1766 ut
285 1718 387 1766 monitus
396 1734 485 1777 caveas,
496 1733 526 1766 ne
536 1718 594 1765 forte
604 1719 683 1780 negoti
728 1719 761 1766 80
852 1730 856 1737 ·

92 1782 196 1831 Incutiat
206 1782 249 1831 tibi
260 1783 317 1847 quid
327 1791 459 1840 sanctarum
469 1782 558 1830 inscitia
568 1783 647 1846 legum
655 1800 663 1840 ς

92 1847 118 1896 Si
128 1847 192 1895 mala
202 1847 328 1896 condiderit
337 1847 363 1895 in
373 1863 443 1912 quern
455 1847 507 1912 quis
518 1848 628 1907 carmina,
637 1849 676 1909 jus
685 1857 720 1896 est
786 1897 788 1903 ,

90 1912 110 1959 J
110 1911 267 1976 udiciumque.
284 1914 304 1968 il
311 1914 378 1969 Esto,
390 1912 470 1976 siquis
477 1911 553 1970 mala;
564 1913 604 1961 sed
611 1914 672 1962 bona
679 1914 700 1962 ai
707 1912 760 1977 quie
801 1917 803 1922 ’

91 1976 178 2025 Judice
188 1976 314 2026 condiderit
323 1977 431 2025 laudatus
441 1976 548 2025 Caesare?
564 1977 649 2042 siquis
786 2025 789 2029 .

91 2040 230 2105 Opprobriia
240 2041 338 2106 dignum
347 2042 471 2102 latraverit,
482 2041 570 2105 integer
579 2043 647 2106 ipse?
666 2093 668 2098 .
727 2042 760 2089 ⁸5

90 2108 108 2168 1
116 2105 241 2156 Solventur
250 2107 298 2157 risu
308 2107 409 2167 tabulae3
425 2115 452 2156 tu
462 2106 548 2156 missus
558 2107 639 2157 abibis.
687 2172 690 2179 Ι
