1800 2934
205 82 214 94 ‘
284 103 477 157 araneum.
492 105 516 154 1.
533 105 573 155 rs
711 102 764 159 aas

91 232 319 309 Pratuagauduseq
317 248 375 282 uus·
387 233 444 291 Quo
451 233 544 284 tendis?
555 248 603 283 nou
610 232 765 282 mihicumas

90 298 152 347 Est'
145 308 188 347 ater
198 307 239 346 aut
249 298 329 356 Baias,
340 297 399 346 lava
409 298 566 346 stomachosus
575 299 667 347 habena
733 298 764 346 12

91 362 163 411 Dicet
173 379 258 427 equesa
275 362 315 414 sed
326 377 380 425 equa
372 362 480 411 frenato
490 370 524 410 est
534 363 595 410 auris
605 364 630 410 in
641 361 692 424 ore)

91 427 173 488 Major
183 437 263 475 utrum
273 427 388 489 populum
397 426 510 476 frumenti
471 427 585 542 teoscapia
595 436 689 489 pescat3

93 490 470 551 Collectasnebibantimbrcs,u
471 500 666 554 teosrreperennes
734 490 765 537 15

92 555 164 619 Jugis
174 571 257 619 aquae3
276 560 341 609 (nam
352 554 407 602 vina
416 570 431 601 ι
486 570 562 603 moror
572 555 636 602 illius
646 570 710 604 ore·

92 589 691 746 lamiam

94 749 166 808 Quod
177 764 243 797 curas
248 749 339 823 'abigat
350 748 413 812 quod
423 764 478 797 eum
489 764 529 812 spe
539 748 609 798 divite
618 716 700 796 manat,
731 747 763 796 la

93 814 125 861 Iu
136 829 206 862 venas
216 812 368 876 animumque
377 828 468 875 meum,
479 812 541 876 quod
552 815 621 862 verba
630 812 754 871 miubaet,

93 877 167 937 Quod
178 893 216 924 me
223 877 343 926 Lucane
334 892 444 937 Juvenem
455 877 600 928 commendet
610 876 703 937 amicae)

94 942 196 990 Tractus
206 952 258 989 uter
267 941 346 1016 plures
355 941 453 1003 lepores,
464 951 515 1007 uter
525 942 606 991 educet
616 957 701 1004 apros,

92 1008 155 1055 Utra
165 1006 240 1069 magis
250 1007 322 1070 pisces
332 1015 356 1053 et
365 1005 458 1054 echinos
468 1022 561 1082 aequma
570 1006 697 1063 calente

94 1071 194 1133 Pinguia
204 1080 231 1118 ut
242 1071 296 1118 inde
306 1069 404 1117 damma
414 1071 501 1134 possim
512 1071 647 1135 Pheaxque
656 1068 755 1128 ιινιιιιι

93 1136 198 1185 Scribere
208 1143 231 1183 te
241 1135 315 1195 nobis,
328 1135 370 1182 tibi
380 1150 423 1183 nos
429 1135 555 1211 accredere,
565 1151 608 1198 par
618 1144 662 1186 est·
734 1134 767 1183 ιι

93 1200 208 1261 Manius,
219 1208 255 1260 ut,
265 1200 334 1247 rebus
344 1200 454 1247 maternis
464 1208 534 1263 atque
544 1201 645 1263 petentis

91 1265 193 1318 Fortiter
202 1264 324 1323 absumtis,
335 1266 438 1338 urbanus
448 1264 518 1326 caepit
526 1264 625 1325 baberi,

94 1330 179 1379 Scurra
189 1345 270 1392 vagus,
281 1343 328 1377 non
337 1328 380 1404 qui
390 1338 479 1377 certum
490 1344 593 1392 presepe
606 1336 701 1389 teneret,

94 1395 235 1457 Imprausus
245 1408 292 1442 non
303 1394 345 1456 qui
352 1393 427 1441 civem
437 1394 580 1457 dignoscemt
589 1393 669 1451 hoste3

95 1457 231 1519 Quaelibet'
224 1474 250 1505 ιι
260 1458 366 1521 quemvis
376 1459 499 1521 opprobria
509 1458 595 1521 fingere
605 1473 695 1516 aarum
735 1456 768 1505 ³⁰

94 1522 213 1576 Pernicies
223 1531 247 1570 et
257 1531 380 1596 tempestas
390 1523 571 1587 barathrumque
580 1523 680 1584 macelli,

96 1587 221 1650 Quidquid
231 1587 360 1651 quesierat,
371 1588 446 1635 venui
456 1589 557 1636 donabat
567 1604 644 1637 avaro.
704 1640 708 1647 ,

96 1652 154 1710 Hic,
163 1652 206 1698 ubi
216 1652 325 1715 nequitiae
335 1652 464 1701 fautoribus
474 1662 497 1701 et
507 1652 595 1700 tibridis
605 1652 640 1700 nil

95 1718 150 1765 Aut
160 1716 258 1780 paulum
269 1717 402 1775 abstulerat,
413 1718 505 1780 patinas
513 1719 618 1765 coenabat
627 1714 709 1777 οιιιιά,

96 1781 305 1844 Vilisetagnime,
316 1780 682 1845 tribusmsisquodsatisesseta
735 1778 768 1828 35

97 1847 191 1896 Scilicet
201 1857 227 1893 ιιι
238 1855 327 1893 rennes
337 1845 417 1894 amna
427 1847 538 1894 candente
548 1854 661 1908 nepotum

97 1910 193 1958 Diceret
203 1910 302 1958 urendos
311 1919 421 1958 corrector
430 1911 536 1959 Bestius.
547 1910 616 1959 Idem

99 1974 224 2038 Quidquid
234 1983 283 2023 erat
293 1983 374 2022 nactus
384 1975 468 2049 prada
478 1974 581 2037 majoris,
592 1976 634 2025 ubi
644 1988 714 2023 omne

97 2039 223 2094 Verterat
215 2055 241 2086 ιι
251 2040 344 2087 funum
353 2040 491 2101 etcinerem,
499 2041 556 2088 Non
565 2038 680 2116 (hermale)
688 2037 769 2097 ιιιιοι,

97 2104 225 2163 Aiebat,
208 2119 227 2152 ιι
237 2120 279 2167 qru
271 2104 413 2153 'comeduut
422 2106 499 2164 bona3
516 2120 570 2153 cum
580 2106 611 2153 sit
620 2107 689 2154 obeso
737 2103 770 2150 to

96 2169 141 2218 Nil
152 2168 236 2216 melius
237 2120 323 2228 qturdo,
331 2170 366 2217 nil
376 2170 447 2218 vrrlva
457 2171 577 2235 pulchrius
587 2167 677 2233 ampli

98 2234 223 2282 Nimirum
232 2233 271 2282 hic
281 2249 324 2296 ego
334 2250 404 2291 sum3
422 2250 478 2284 nam
489 2243 540 2284 tuta
550 2243 574 2282 et
583 2233 681 2297 parmula
690 2230 770 2291 leudo,

98 2300 162 2348 Cum
173 2314 209 2346 ras
219 2298 337 2360 deficiunt,
348 2299 403 2346 satis
412 2300 473 2348 iuter
483 2300 539 2348 vilia
547 2300 628 2347 farus:

96 2359 199 2422 Verum,
211 2362 253 2410 ubi
261 2364 319 2427 quid
328 2363 413 2411 melius
422 2364 535 2427 contingit
545 2371 567 2411 et
578 2363 678 2424 unctium,
684 2362 748 2411 idem

97 2422 150 2478 Vas
161 2444 241 2492 sapere
251 2439 274 2476 ιι
284 2428 375 2475 solos
355 2443 391 2476 aro
402 2429 492 2477 bene
470 2443 555 2502 uvare,
566 2442 667 2489 quorum
738 2427 771 2473 ab
849 2469 850 2472 ,

97 2493 247 2557 Conspicitur
256 2492 336 2541 nitidis
344 2492 443 2541 fundata
452 2492 551 2557 pecunia
560 2491 630 2541 uillis·
