1800 2934
309 122 456 172 suumn.
472 124 509 172 11.
525 125 549 171 r.
721 122 764 176 171

91 251 330 315 semagsnflnm
346 250 679 327 Nonmmupemnqun,
718 250 768 299 uo

16 351 18 366 ‚
98 317 146 365 Par
157 318 209 364 eris
226 316 286 364 Haee
297 332 311 363 a
322 325 345 363 te
355 330 402 363 non
412 316 515 365 multum
526 316 616 365 abludit
625 330 712 379 imago.

98 382 170 429 Adde
180 382 288 455 poemma
298 395 376 436 nunc;
394 380 438 429 hoe
448 390 490 440 est,
502 380 580 427 oleum
590 381 649 429 adde
659 379 766 437 camino;
859 423 863 430 .

98 446 160 504 Quae
170 446 191 492 ei
201 461 253 509 qms
264 460 334 493 sanus
345 445 407 504 feeit,
420 461 489 493 senus
499 444 555 493 faeie
566 453 590 492 et
600 454 633 492 tu.

96 510 154 558 Non
164 510 215 557 dieo
225 510 364 557 horrendam
374 510 470 559 rabiem.
486 513 503 572 1
514 510 572 558 Jarn
582 509 667 558 desine.
685 509 768 567 §lcul-

193 584 246 622 tum

16 689 17 696 ¹
97 639 215 699 Majorem
227 654 303 687 censu.
322 644 344 696 {l
353 604 453 699 Tenens,
464 638 579 703 Damneip
628 638 674 686 tuis
683 646 713 686 te.

99 709 119 759 11
129 704 200 750 Mille
210 704 350 767 puellarum,
361 719 487 767 puerorum
498 703 563 751 mille
625 718 668 751 res.
720 703 769 749 325

101 773 121 825 {l
130 767 154 816 Ο
165 769 250 830 major,
261 769 355 816 tandem
365 785 453 833 pareas,
464 770 552 829 insane,
563 767 654 817 minori.

335 963 468 1011 SATIRA
484 964 530 1013 1v.

99 1092 178 1152 Unde,
187 1101 210 1140 et
216 1108 264 1156 quo
271 1092 368 1140 Catius?
387 1097 408 1149 ῚῙ
414 1093 470 1140 Non
481 1101 515 1140 est
522 1094 581 1142 mibi
591 1101 683 1158 tempus
694 1091 770 1145 aventi

98 1158 188 1205 Ponere
199 1158 266 1220 signa
275 1158 341 1205 novis
350 1158 479 1221 praeceptis,
491 1158 569 1221 qualia
578 1159 673 1207 vincunt

98 1221 257 1285 Pythagoran,
268 1222 391 1286 Anytique
400 1237 476 1281 reum,
488 1222 628 1287 doctumque
638 1223 746 1271 Platona.

99 1291 120 1343 {1
128 1287 253 1334 Peeeatum
263 1287 345 1345 fateor,
357 1302 411 1334 eum
422 1295 445 1334 te
455 1287 488 1334 sic
496 1295 598 1350 tempore
608 1288 666 1335 laevo

97 1351 285 1413 Interpelliiim:
303 1351 344 1398 sed
353 1351 394 1398 des
405 1352 496 1399 veniam
507 1353 591 1412 bonus,
602 1366 650 1399 oro.
753 1352 769 1396 5

97 1415 170 1474 Quod
181 1416 201 1463 si
210 1415 348 1463 interciderit
357 1415 401 1463 tibi
410 1430 474 1463 nunc
484 1415 581 1480 aliquid,
592 1425 679 1479 repetes
688 1429 761 1468 more

97 1480 152 1527 Sive
162 1490 197 1527 eet
207 1490 295 1528 nature
304 1479 358 1540 hoe,
369 1480 416 1527 sive
426 1480 497 1537 artis;
515 1481 589 1529 mirus
599 1489 704 1543 utroque.

99 1548 120 1600 ῚῙ
129 1545 198 1603 Quin
208 1545 233 1591 id
244 1553 370 1603 ermenus,
381 1559 428 1608 quo
438 1554 506 1606 paeto
516 1553 600 1593 cuncta
609 1554 725 1600 teneremt

97 1609 187 1671 Utpote
197 1625 234 1657 res
245 1619 334 1669 tenues,
345 1611 410 1657 tenui
420 1625 526 1658 sermone
535 1617 645 1673 peractas.
753 1610 769 1657 9

99 1673 283 1730 {Edehominis
289 1688 388 1728 nomem
398 1674 469 1721 simul
476 1683 507 1733 et,
513 1675 635 1722 Romarm
641 1688 672 1721 an
678 1673 768 1736 hospes.

98 1743 121 1795 ΊῘ
125 1739 184 1801 Ipsa
194 1754 283 1786 memor
293 1746 407 1801 praeoepta
417 1752 513 1796 oanam3
530 1738 641 1786 celabitur
650 1746 736 1786 auctor.

97 1801 187 1866 Longa
197 1803 282 1866 quibus
292 1802 361 1850 facies
371 1802 421 1849 ovis
431 1802 483 1862 erit,
494 1802 536 1849 illa
546 1810 672 1864 memento,

97 1867 133 1914 Ut
144 1868 205 1915 suoci
215 1867 324 1928 melioris,
334 1876 357 1915 et
367 1875 394 1914 ut
403 1866 479 1929 magis
489 1866 552 1920 mma
561 1867 673 1928 rotundis,

98 1930 204 1980 Ponere:
221 1947 323 1996 namque
332 1947 421 1978 marem
431 1931 539 1979 cohibent
549 1932 633 1981 ealloea
642 1934 755 1983 vitellum.

100 1995 173 2043 Caule
183 1999 325 2057 suburbano,
337 1996 378 2060 qui
389 1994 452 2043 sionis
462 1997 533 2044 crevit
542 1997 568 2044 in
578 1997 648 2061 agris,
741 1997 771 2043 15
793 2001 797 2012 ‘

99 2059 213 2118 Dulcior3
230 2061 317 2124 irriguo
327 2061 387 2108 nihil
397 2071 432 2109 est
441 2060 526 2108 elutius
536 2061 609 2110 horto.

100 2123 127 2171 Si
137 2126 279 2189 vespertinus
289 2126 366 2174 subito
376 2135 400 2174 te
410 2127 547 2190 oppresserit
555 2127 647 2192 hoepee,

99 2188 140 2237 Ne
150 2191 238 2253 gallina
247 2191 337 2238 malum
348 2199 465 2254 responset
475 2191 534 2239 duro
543 2192 630 2255 palato,

100 2251 190 2303 Doctus
201 2255 245 2303 eris
254 2255 332 2303 vivam
342 2255 417 2303 mixto
427 2271 526 2304 mersare
537 2256 651 2314 Falern03

101 2317 154 2367 Hoc
165 2328 267 2367 teneram
277 2320 352 2368 faciet.
372 2320 521 2368 Pratensibus
531 2321 619 2383 optima
628 2319 707 2383 fungis
739 2319 771 2366 2⁰
804 2317 805 2321 ’

100 2382 193 2431 Natura
204 2394 252 2432 eet:
271 2385 322 2432 aliis
331 2384 393 2433 male
403 2384 510 2432 ereditur.
528 2384 573 2432 Ille
584 2384 687 2432 salubres

100 2447 204 2496 AEstates
214 2458 317 2511 peraget,
329 2449 371 2513 qui
382 2449 454 2513 nigris
463 2448 561 2512 pr'andle
571 2449 642 2497 moris

93 2510 187 2572 winter,
198 2523 253 2561 ante
262 2529 357 2577 gravem
368 2530 421 2577 quae
430 2513 512 2576 legerit
522 2514 601 2560 arbore
611 2514 691 2566 solem.
749 2513 753 2520 '

98 2577 211 2625 Aufidius
221 2578 276 2626 forti
286 2579 396 2626 miscebat
406 2578 478 2625 mella
487 2577 594 2636 Falerno,

99 2640 215 2692 Mendose
219 2661 229 2705 3
248 2643 359 2707 quoniam
369 2642 448 2691 raone
459 2640 601 2689 committere
611 2640 675 2696 renis
739 2643 771 2686 25
