1800 2934
250 112 258 121 '
305 122 453 173 sumum.
472 124 492 173 1.
510 129 533 172 s.
710 121 762 174 rso·

15 234 17 267 ⁵
78 254 209 303 Traditum
217 255 247 301 eb
254 252 358 317 antiquis
365 267 455 302 morem
463 270 560 313 servare,
567 247 693 319 ‘tuamque
706 253 753 309 117

78 319 147 367 Dum
159 318 259 367 custodis
270 334 331 382 eges,
342 316 415 366 vitam
425 318 561 383 famamque
571 319 631 368 tueri
718 332 720 337 ‘

15 414 16 417 =
78 385 227 432 Incolumem
238 398 349 446 possum:
367 382 665 432 simulacduraveritaetas

15 460 16 483 1
79 448 192 497 Membra
202 449 354 512 animumque
365 454 443 509 tuum,
461 448 527 496 nabis
538 449 587 498 sine
597 448 685 498 cortice
713 448 752 497 Sic

78 528 316 642 Formebiitepuerum
327 578 407 626 dicdm
426 587 458 638 et,
470 578 517 626 n're
525 579 622 640 jubebat

77 643 112 691 Ut
122 643 222 690 facerem
233 642 299 705 quid,
312 643 392 691 Habes
400 651 528 702 auctorem,
541 657 589 706 quo
598 642 670 691 socias
679 641 738 700 hcc3

77 707 161 755 Unum
173 722 203 754 ex
211 706 329 768 judicibus
339 708 427 756 selectis
438 707 576 771 objiciebat:

77 772 132 821 Sive
142 773 244 831 vetabat,
255 771 298 818 An
308 772 352 819 hoc
361 772 511 821 inhonestum
521 780 545 820 et
554 770 637 819 inutile
647 771 711 818 fectu

77 836 159 884 Necne
170 835 208 894 sit,
220 836 349 896 addubitas,
360 837 442 901 flagret
451 852 544 885 rumore
554 837 617 884 malo
626 850 682 883 cum
706 836 753 884 125

77 901 126 949 Hic
135 909 208 964 atque
215 899 272 949 ille?
289 900 379 949 Avidos
389 902 492 950 vicinum
502 902 575 949 limus
584 909 612 949 ut
622 915 695 963 agros

77 965 216 1026 Exanimat,
228 965 355 1029 mortisque
365 975 430 1014 metu
440 966 485 1015 sibi
494 981 587 1030 parcere
597 966 674 1029 cogit3

77 1031 115 1080 Sic
126 1038 217 1078 teneros
227 1030 317 1078 animos
327 1030 403 1077 alieno
413 1032 536 1095 opprobria
546 1047 607 1095 saepe

77 1097 216 1144 Absterrent
226 1094 295 1151 uitiis.
311 1095 352 1143 Ex
362 1094 406 1143 hoc
416 1111 460 1159 ego
470 1111 540 1144 sonus
550 1098 580 1144 ab
590 1096 646 1155 illis,

78 1159 208 1208 Pemioiem
217 1174 370 1234 quacumque
378 1159 471 1223 ferunt3
483 1160 645 1222 mediocribus,
655 1167 678 1209 et
685 1161 752 1226 queis

78 1225 197 1288 Ignoscas,
209 1224 270 1272 vrtiis
281 1226 374 1281 teneorr
392 1224 495 1273 fortassis
504 1232 527 1272 et
537 1225 604 1273 istinc
705 1226 748 1275 131

78 1288 185 1353 ngiter
196 1288 316 1336 abstulerit
325 1290 396 1353 longa
406 1298 470 1349 setas,
481 1288 540 1337 liber
550 1289 647 1350 amicus,

79 1353 210 1403 Consilium
217 1353 352 1417 proprium:
370 1353 528 1418 nequeenim,
540 1369 595 1402 cum
602 1354 701 1403 lectulus
711 1364 752 1403 sut

175 1433 215 1466 me

79 1482 186 1530 Porticus
196 1483 296 1546 excepit,
306 1483 388 1532 desum
398 1483 472 1532 mihi:
490 1484 586 1534 Rectius
596 1484 641 1533 hoc
650 1492 701 1540 est3

79 1547 132 1596 Hoc
141 1547 237 1606 faciens,
247 1547 325 1596 viram
336 1548 436 1608 melius3
454 1549 487 1598 sic
497 1548 571 1597 dul'cis
581 1548 662 1596 amicis
705 1548 751 1595 135

79 1611 219 1661 Occursum:
232 1611 277 1660 hoc
287 1612 383 1676 quidum
394 1629 440 1662 non
448 1614 522 1671 heller
534 1629 592 1661 num
601 1612 659 1677 quid
666 1627 710 1675 ego
717 1612 754 1660 illi

79 1677 219 1741 Imprudens
229 1677 286 1724 olim
297 1677 380 1726 faciam
391 1678 485 1727 simile?
501 1680 562 1726 Haec
572 1693 615 1740 ego
625 1690 720 1726 mecum

78 1741 220 1806 Compressis
231 1742 296 1805 agito
301 1743 387 1792 labrisr
405 1744 447 1792 ubi
458 1742 516 1806 quid
526 1742 595 1790 detur
604 1742 648 1803 oti,

76 1806 155 1855 Illudo
166 1807 265 1854 chartis:
281 1807 326 1854 boc
337 1817 372 1856 est
381 1807 534 1855 mediocribus
544 1806 591 1854 illis

77 1871 116 1919 1111
127 1871 190 1919 vitiis
200 1886 292 1928 uuumc
309 1873 347 1920 cui
358 1872 378 1920 si
388 1872 510 1920 concedere
520 1871 588 1932 nolis,
704 1873 751 1921 140

39 1988 44 1999 ¹
78 1934 159 1984 Multa
169 1937 291 1999 poetarum
302 1936 379 1984 veniat
389 1952 481 1997 manus,
493 1936 582 1984 auxilio
591 1953 645 2002 qure

78 2000 113 2048 sit
123 2000 184 2047 mihi
195 2002 262 2064 (nam
273 2002 348 2049 multo
358 2001 437 2065 plures
446 2000 550 2063 sumus),
561 2018 588 2050 ac
599 2002 671 2051 veluti
681 2011 705 2051 te

78 2064 278 2130 Judaeioogemus
287 2065 313 2117 iu
323 2066 383 2114 hanc
393 2066 515 2116 concedere
525 2069 626 2124 turbam.

325 2266 457 2316 SATIRA
473 2268 505 2317 V.

270 2399 272 2402 ⁴
291 2405 344 2450 Iter
355 2405 540 2452 Brundisinam.
556 2418 559 2429 ·

79 2525 209 2590 Egressum
219 2527 307 2591 magni
316 2542 355 2575 me
365 2527 457 2590 excepit
467 2526 548 2574 Aricia
558 2526 637 2574 Romb

79 2591 191 2657 Hospitio
201 2591 308 2651 modic03
324 2593 401 2640 rhetor
412 2607 488 2640 comes
499 2590 648 2649 Heliodorus,

79 2655 216 2707 Graecorum
226 2652 486 2720 lingaa'doctissimus:
501 2654 559 2705 inde
569 2656 658 2704 Forum
668 2653 755 2717 Appi,-
