1800 2934
340 67 431 117 ODAE.
448 68 495 118 lv.
515 70 552 116 lo.

370 315 443 367 ODB
460 316 518 364 XV.

335 448 445 510 August
456 449 558 496 Laudes.

110 573 210 623 Phoebus
221 575 336 624 volentem
346 575 426 639 prolia
436 591 476 623 ma
485 575 560 639 loqui,

11 674 12 681 ,
110 638 188 687 Victas
198 648 222 687 et
231 642 308 700 urbes,
319 640 433 705 increpuit
443 640 504 704 lyri,

11 702 12 747 ξ
138 704 178 751 Ne
187 719 260 766 parva
271 705 420 768 Tyrrhenum
430 721 472 768 per
479 719 562 770 'aqum

11 800 13 825 ἶ
171 768 233 816 Vela
242 769 330 818 darem.
346 769 408 830 Tua,
421 771 510 829 Gaesar,
520 779 576 818 atas

11 828 13 841 ⁵
108 832 197 896 Fmgas
208 834 400 897 etagrisrettulit
410 837 502 896 uberes,

11 920 13 965 5
108 896 141 945 Et
151 898 218 961 signa
227 908 305 946 nostro
315 899 490 958 restituitJovi,

135 961 241 1025 Derepta
252 963 392 1011 Parthorum
403 965 507 1027 superbis

169 1027 287 1088 Postibus,
299 1035 322 1075 et
332 1044 432 1076 vacumn
442 1028 526 1077 duellis

104 1092 195 1139 Janum
206 1090 301 1150 Quirini
310 1093 401 1153 clausit,
413 1102 444 1152 et,
456 1093 560 1142 ordinem

11 1196 13 1237 ,
105 1155 206 1205 Rectum
217 1157 332 1220 evaganti,
343 1156 409 1205 frena
419 1157 518 1206 licentia

135 1221 229 1282 Injecit,
241 1222 372 1285 emovitque
382 1222 471 1284 culpas,

168 1284 203 1333 Et
213 1294 299 1334 veteres
307 1287 421 1336 revocavit
431 1297 506 1346 artem

11 1386 13 1411 ,
104 1348 149 1398 Per
159 1364 219 1414 quas
230 1350 342 1398 launum
353 1366 438 1401 nomen
449 1361 473 1401 et
482 1352 550 1401 Itala

103 1414 202 1464 ctevare
213 1414 280 1476 vires,
291 1415 400 1480 famaque
410 1426 434 1465 et
443 1417 527 1483 imperi

131 1480 242 1528 Porrecto
249 1481 356 1541 majestas
366 1482 397 1530 ad
406 1490 485 1531 ortum

166 1543 228 1593 Solis
237 1546 267 1593 ab
278 1545 392 1610 Hesperio
402 1547 482 1596 cubili.

102 1607 205 1657 Oustode
214 1624 293 1657 rerum
304 1610 401 1672 Coesare,
412 1627 461 1660 non
470 1612 535 1661 furor

104 1672 185 1721 Civilis
195 1682 237 1721 aut
247 1674 281 1722 vis
296 1675 383 1724 eximet
392 1677 482 1735 otium;

133 1739 190 1786 Non
201 1738 244 1798 ira,
256 1755 308 1803 qua
318 1740 425 1802 procudit
436 1755 510 1802 enses,

165 1803 200 1850 Et
210 1803 304 1852 miserm
313 1803 418 1852 inimicat
428 1807 504 1853 urbas.

101 1867 166 1927 Non,
178 1867 220 1931 qui
230 1867 372 1931 profirndum
383 1868 522 1917 Danubium
533 1868 625 1929 bibunt,

100 1931 186 1980 Edicta
196 1941 306 1996 rumpent
316 1932 392 1994 Julia,
403 1948 451 1981 non
463 1935 537 1995 Geta,

132 1997 190 2045 Non
202 1997 276 2057 Seres,
287 1997 382 2046 infidive
392 1999 478 2060 Persae,

163 2061 221 2108 Non
229 2061 323 2109 Tanain
333 2078 405 2126 prope
415 2064 504 2113 flumen
514 2065 566 2113 orti.

101 2125 199 2189 Nosque
209 2134 233 2174 et
239 2125 347 2201 profestis
357 2128 448 2178 lucibus
459 2140 482 2178 et
492 2131 569 2190 sacru,

100 2189 165 2237 Inter
173 2191 247 2251 Jocosr
256 2206 354 2240 munera
364 2192 453 2255 Liberi,

131 2255 194 2303 Cum
205 2255 270 2317 prole
280 2258 437 2322 matronisque
446 2260 539 2321 nostris,

111 2346 119 2355 x
163 2319 220 2367 Rite
230 2319 294 2367 Deos
303 2321 368 2384 prins
379 2325 503 2385 apprecati,

97 2383 192 2431 Virtute
201 2384 301 2447 functos,
312 2401 376 2434 more
386 2398 489 2451 patrum,
498 2389 577 2451 duces,

97 2446 172 2511 hydis
182 2447 283 2496 remixto
292 2450 393 2500 carmine
404 2452 475 2513 tibiis,

129 2512 275 2576 Troiamque
285 2522 308 2562 et
318 2515 438 2564 Anchisen
449 2526 472 2564 et
482 2519 551 2566 aima
647 2550 651 2556 -

160 2577 301 2639 Progeniem
311 2579 409 2629 Veneria
420 2596 536 2630 canemus.
