1800 2934
124 56 174 105 228
314 54 507 106 EPISTOLAE.
524 54 561 103 11.
577 53 605 103 e·

126 185 167 234 Tu
177 200 217 234 me
227 184 287 234 inter
297 184 405 250 strepitus
414 192 538 234 noctrrnos
544 183 619 248 'rtqm
628 181 726 231 diurnos

126 247 724 313 Vumnereetcontrncteseqoivestigievrtum?
765 249 799 295 8⁰

126 314 261 378 Ingenium,
273 315 318 363 ubi
328 314 391 378 quod
401 330 487 363 rucuns
495 313 607 362 deurmsit
616 313 735 373 Athmes,

125 379 160 428 Et
170 379 253 427 studiis
262 394 335 428 moos
345 388 433 443 septem
443 378 516 438 dedit,
526 377 674 443 insenuitque

127 443 208 492 Libris
218 453 241 492 et
251 444 319 504 curis,
331 442 408 491 stetui
417 443 553 492 taciturnius
564 443 612 491 exit

127 508 278 572 Plerumque,
289 517 313 557 et
322 509 369 557 risu
379 509 495 573 populum
505 507 593 572 quatit:
609 507 650 556 hic
659 522 713 571 ego,
724 521 802 556 rerum

127 573 250 622 Fluctibus
260 574 286 620 in
295 573 387 633 mediis,
398 582 421 622 et
431 572 606 638 tempestatibus
616 572 690 630 urbis,
767 572 801 619 85

127 638 208 686 Verba
217 639 274 702 lyrae
283 647 376 686 motura
386 652 470 686 sonum
480 645 612 686 connectere
622 636 722 700 digner?

123 703 269 751 vFuoereret
279 704 363 751 Rome
373 702 472 750 consulti
482 702 567 763 rhetor,
578 710 606 750 ut
616 703 675 750 alter
816 699 819 708 ’

128 768 234 816 Alterius
244 782 349 818 sermone
358 781 434 814 meros
444 766 536 815 audiret
544 768 657 825 honores;

118 867 120 874 ,
130 832 249 881 Gracchus
259 841 286 880 ut
296 831 334 880 hic
344 830 380 878 illi
389 831 457 892 foret,
468 832 524 880 huic
534 841 562 880 ut
572 831 668 879 Mucius
677 831 725 880 ille.

129 895 684 960 Qulminusergutosvexetflrroristepolitrs?
768 896 802 945 90

129 962 242 1011 carmina
252 976 374 1025 compono,
383 961 422 1010 hic
432 961 524 1026 elegos3
542 961 648 1010 mirabile
658 961 720 1021 visu,

130 1027 292 1089 (delatumque
301 1040 385 1075 novem
393 1026 481 1087 Musis,
492 1041 559 1090 opus.
576 1025 680 1090 Adspice
687 1025 803 1090 primum,

130 1090 226 1149 Quanto
237 1105 291 1138 cum
302 1090 373 1151 fastu,
384 1099 473 1155 quento
482 1091 611 1152 molimine,
623 1090 722 1139 circum·

130 1163 259 1219 spectemus
268 1147 366 1204 udonem
377 1156 492 1204 Romanis
502 1157 595 1206 vatibus
605 1155 686 1204 edem
771 1154 803 1203 94

131 1219 193 1268 Mox
204 1220 283 1281 etism,
295 1221 315 1268 si
325 1221 384 1269 forte
394 1236 470 1280 neces,
481 1236 585 1285 sequere,
596 1230 619 1270 et
629 1220 712 1285 procul
722 1219 789 1280 cudi,

131 1284 198 1343 Quid
208 1285 275 1346 feret,
287 1295 311 1334 et
321 1302 392 1350 quere
403 1285 447 1334 ubi
457 1294 534 1334 nectet
543 1294 640 1350 uterque
650 1299 769 1333 coronam.

132 1349 259 1409 Gedimur,
271 1359 294 1398 et
303 1350 400 1399 totidem
410 1350 485 1415 plagis
496 1351 654 1400 consumimus
663 1350 765 1408 hostem,

132 1415 209 1462 Lento
220 1415 335 1463 Samnites
345 1415 376 1462 ed
385 1416 477 1463 lumine
486 1417 562 1479 prima
571 1414 656 1464 duello.

132 1478 235 1527 Discedo
245 1479 340 1536 Alenus
349 1488 436 1543 puncto
444 1480 509 1528 illius
517 1499 524 1528 z
540 1481 581 1529 ille
590 1495 643 1528 meo
653 1478 725 1544 quie?

132 1544 204 1604 Quis,
215 1543 260 1591 nisi
270 1544 444 1593 Callimachus?
461 1545 487 1593 Si
496 1545 550 1607 plus
560 1559 683 1610 epposcere
693 1544 766 1600 visus,

133 1609 174 1657 Fit
184 1609 351 1666 Mimnermus,
363 1617 386 1657 et
396 1609 475 1672 optivo
485 1610 621 1673 cognomine
631 1609 719 1658 crescit.
758 1607 804 1655 101

133 1673 215 1721 Multa
225 1673 283 1734 fero,
294 1683 322 1721 ut
331 1672 421 1738 plocen
431 1688 505 1738 genus
514 1674 625 1723 imitabile
634 1682 725 1732 votum,

134 1737 198 1786 Cum
208 1738 290 1799 scribo,
302 1746 325 1786 et
336 1738 435 1802 supplex
445 1739 528 1802 populi
537 1739 648 1803 suffregie
656 1747 739 1803 ceptor

133 1800 211 1859 Idem,
223 1802 295 1851 finitis
305 1803 395 1861 studiis,
406 1811 429 1851 et
439 1812 517 1852 mente
526 1803 625 1868 recepe,
686 1857 690 1867 ,

134 1865 252 1915 Obturem
262 1868 355 1931 petulas
365 1868 463 1931 impune
472 1868 601 1931 legentibus
611 1882 686 1917 eum·
759 1866 809 1921 105

136 1930 262 1990 Ridentur,
273 1933 337 1980 mele
347 1932 389 1996 qui
399 1941 541 1997 componunt
551 1933 666 1982 cennius:
684 1945 768 1981 vuum

131 1991 249 2044 “Gaudent
259 1997 393 2056 scribentes,
404 2006 428 2046 et
438 2013 464 2046 se
473 2006 619 2059 venerentur,
631 2006 654 2046 et
664 1998 736 2057 ultro,

135 2060 162 2110 Si
172 2069 255 2119 tacens,
266 2060 488 2126 unumquicquid
499 2064 617 2127 scripsere,
627 2061 696 2111 beati.

134 2126 180 2184 At,
191 2125 233 2189 qui
242 2124 375 2238 lffifimum
385 2126 463 2189 cupiet
472 2126 552 2178 fecisse
561 2128 654 2192 podmc,

131 2190 199 2239 Cum
210 2191 250 2238 tab
277 2190 283 2202 ‘
307 2189 413 2238 animum
423 2192 522 2240 censoris
531 2201 608 2241 sumet
616 2190 724 2248 honesti;
762 2188 811 2239 110

134 2254 252 2314 Audebit,
264 2269 420 2320 quecumque
429 2270 515 2318 perum
524 2256 652 2322 splendoris
662 2256 795 2316 habebunt,

136 2316 171 2365 Et
181 2318 230 2366 siue
240 2319 341 2383 pondere
350 2327 426 2380 erum,
439 2320 558 2371 ethonore
568 2321 665 2385 indigne
673 2320 787 2380 ferentur,

125 2380 216 2442 ,Verbo
225 2397 318 2433 morem
326 2384 387 2443 loco,
398 2384 505 2448 quamvis
514 2385 589 2435 invite
597 2385 714 2447 recedent,

137 2442 171 2490 Et
181 2456 300 2495 versentur
309 2447 386 2497 adhue
395 2448 457 2497 iutra
466 2451 594 2512 penetralia
600 2450 688 2500 Veste.

138 2505 269 2558 Obscuratn
278 2511 319 2559 diu
330 2513 504 2577 populobonus
514 2523 587 2575 emet,
597 2524 669 2580 etque
767 2513 818 2560 llo

138 2567 243 2621 Proferet
252 2574 277 2623 iu
288 2575 364 2626 lucem
376 2577 479 2642 speciose
490 2580 603 2630 vocabule
613 2595 701 2641 rerum,
