1800 2934
19 196 21 221 p
345 152 463 202 EPODI.
476 155 499 199 2.
713 152 756 199 101

19 238 21 393 ἰ
119 282 207 329 Aretra
216 282 320 331 nitantur
330 283 397 342 meis,
726 282 758 327 26

89 346 190 395 Pecusre
200 345 315 407 Calabris,
326 357 380 395 ante
391 345 454 394 siclus
464 344 588 404 fervidum,

119 413 217 459 Lucana
227 419 303 459 mutet
330 427 413 468 ascua3
432 438 436 446 ·

19 524 20 543 p
90 477 139 524 Nec
148 483 176 522 ut
187 476 282 539 superni
308 476 313 486 '
358 475 458 524 candens
469 474 567 522 Tusculi

19 546 20 581 l
120 541 208 589 Cireoea
218 549 298 606 tangat
308 541 400 589 moenia.
727 539 761 586 30
800 572 804 585 .

19 596 21 641 Ι
90 605 148 654 Satis
159 621 274 673 superque
284 621 323 654 me
332 604 516 669 benignitastua

19 644 21 715 l
119 668 225 718 Ditavit:
243 670 306 719 houd
316 686 434 735 paravero,

90 734 159 794 Quod
170 742 220 793 aut,
232 750 314 783 avarus
324 744 351 783 ut
362 736 482 795 Chremes,
494 734 555 783 terni
567 747 681 798 premam,

121 799 254 848 Discinotus
264 808 305 848 aut
315 799 411 864 perdam
421 810 448 849 ut
456 816 536 864 nepos.

368 986 442 1038 ODE
455 990 492 1038 11.

93 1117 180 1164 Beatus
190 1117 238 1178 ille,
249 1117 291 1182 qui
300 1118 381 1182 procul
392 1117 498 1179 negotiis,

122 1182 158 1230 Ut
168 1182 243 1245 prisea
253 1198 309 1246 gens
320 1181 464 1241 mortalium,

93 1245 192 1294 Paterna
201 1262 255 1295 rura
265 1248 343 1296 bubus
354 1254 443 1295 exercet
454 1245 510 1306 suis,

122 1311 218 1359 Solutus
228 1312 293 1359 omni
302 1312 388 1360 foenore
397 1329 405 1369 ς

94 1376 177 1439 Neque
187 1376 301 1425 excitetur
311 1377 404 1441 olessioo
414 1375 483 1424 miles
493 1374 567 1433 truei3
749 1375 765 1419 ὅ

124 1441 210 1504 Neque
220 1440 297 1489 horret
306 1440 393 1490 iratum
403 1456 482 1499 mare;

94 1505 229 1570 Forumque
240 1506 306 1566 vitat,
318 1514 341 1554 et
352 1507 450 1571 superba
461 1505 548 1555 civium

125 1570 287 1618 Potentiorum
297 1571 386 1619 limina.

94 1635 157 1699 Ergo
168 1643 210 1683 aut
220 1635 301 1684 adulti
312 1636 396 1685 vitium
406 1636 534 1702 propagine

125 1700 196 1748 Altus
206 1700 301 1748 maritat
310 1701 418 1765 populos,
552 1704 557 1711 “

95 1765 241 1829 Inutrlesque
250 1765 309 1814 falce
319 1781 395 1814 ramos
406 1773 538 1830 amputans,

126 1830 251 1879 Feliciores
261 1831 341 1879 inserit
350 1847 358 1887 ς

96 1895 147 1944 Aut
156 1895 182 1943 in
192 1894 287 1944 reducti
297 1895 359 1945 valle
368 1894 525 1960 mugientium

127 1961 263 2024 Piospectrt
272 1967 373 2008 errantes
384 1976 480 2024 gregem

97 2025 148 2074 Aut
157 2040 236 2089 pressa
246 2025 311 2087 puris
321 2026 392 2073 mella
402 2025 481 2074 condit
491 2025 624 2090 amphoris3

127 2091 181 2138 Aut
190 2088 272 2137 tondet
281 2090 385 2138 infirmas
396 2106 449 2139 oves
459 2108 467 2149 ;

98 2154 150 2215 Vel,
162 2170 217 2203 cum
228 2154 338 2203 decorum
348 2155 445 2215 mitibus
456 2156 532 2219 pomis
543 2164 613 2220 caput

127 2220 280 2268 Auctumnus
290 2220 351 2268 arvis
362 2220 454 2281 extulit,

98 2284 132 2332 Ut
141 2285 229 2349 gaudet
239 2283 333 2333 insitiva
343 2284 465 2348 decerpens
476 2286 535 2349 pira,

129 2350 266 2399 certantem
277 2358 300 2397 et
311 2365 382 2398 uvam
393 2365 513 2413 purpurae,

99 2413 153 2474 Qui
163 2423 300 2462 muneretur
310 2421 342 2475 te,
354 2414 447 2512 Priape,
460 2424 483 2462 et
493 2423 525 2473 te,
536 2421 602 2478 pater

32 2524 36 2529 ,
129 2479 233 2540 silvane,
245 2487 308 2527 tutor
319 2478 417 2528 linium.

100 2543 168 2593 Libet
177 2546 253 2607 jacere
262 2544 333 2593 modo
343 2546 386 2592 sub
395 2543 496 2609 antiqui
505 2542 566 2603 ilice,

129 2609 207 2658 Modo
217 2610 243 2658 in
253 2609 327 2658 tenaci
338 2608 450 2672 gramine.

99 2673 223 2725 labuntur
233 2675 286 2724 altis
297 2674 389 2723 interim
400 2673 456 2736 ripis
467 2689 549 2736 aquae3
628 2735 644 2780 3

598 2751 616 2783 r
