1800 2934
125 60 157 108 ss
363 55 453 108 oue.
472 56 518 105 1v.
535 32 560 102 εἰ

126 188 170 237 Nil
181 188 286 237 Glsndise
296 201 343 235 nnn
352 186 572 251 perfidentmanns,

125 253 192 313 Ques
202 261 225 302 et
234 252 335 316 benigno
344 249 441 299 numine
449 250 546 316 Jupiter

148 316 278 377 Defendit,
290 324 314 364 et
323 331 384 365 cure
394 330 486 379 segeees

189 381 327 446 Expediunt
335 384 377 446 per
386 389 455 429 sente
465 379 527 429 belli.

399 574 472 625 ODE
488 574 521 623 V.

359 705 401 753 Ad
410 704 558 766 Augustum.

69 836 73 843 '
126 835 196 885 Divis
205 842 255 883 orte
264 833 339 892 bonis,
350 834 438 895 optime
448 832 559 885 Romule

128 902 212 951 Custos
222 899 305 964 gentis,
316 899 370 946 ebes
378 900 428 960 jem
439 898 540 946 nimium
550 896 606 946 diue

127 965 252 1015 Maternum
263 962 363 1011 reditum
373 962 490 1026 pollicitus
500 963 599 1011 Petrum

224 1029 309 1077 Sancto
319 1027 424 1088 concilio,
435 1027 493 1075 redi.
660 1066 666 1078 .

127 1093 217 1142 Lueem
228 1092 297 1140 redde
307 1100 362 1151 tue,
373 1091 423 1141 dux
434 1094 503 1153 bone,
513 1090 609 1156 panim

127 1158 207 1206 Instar
216 1156 275 1206 veris
286 1157 348 1205 enim
359 1158 437 1206 vultus
447 1157 490 1205 ubi
499 1166 554 1204 tuus

127 1221 236 1282 Affusit,
246 1221 334 1286 populo
385 1222 429 1270 tior
439 1222 459 1269 it
469 1221 526 1280 dies,

192 1287 226 1334 Et
236 1287 295 1334 soles
304 1301 330 1334 m
352 1286 389 1334 ‘us
400 1287 483 1334 nitent.

127 1352 163 1402 Ut
172 1359 247 1399 meter
255 1351 374 1412 juvenem,
385 1366 457 1415 quem
467 1351 546 1398 Notus
555 1348 635 1398 invido

128 1416 209 1476 matu,
222 1415 341 1479 Carpathii
351 1423 414 1463 trem
424 1415 495 1463 muris
505 1429 598 1478 equore

129 1482 285 1531 Cunctantem
295 1479 369 1543 spatio
378 1480 472 1542 longius
481 1494 568 1540 annuo,

225 1544 298 1594 Dulei
307 1544 401 1592 distinet
411 1560 426 1592 e
435 1544 515 1602 domo,

128 1610 198 1660 Votis
208 1609 371 1674 ominibusque
381 1617 404 1657 et
413 1608 520 1673 precibus
529 1616 604 1669 voest,

129 1675 209 1725 Curvo
219 1688 262 1723 nec
272 1674 354 1722 facien
364 1674 431 1721 litore
441 1673 558 1731 dimovete

79 1770 81 1777 ν
129 1739 168 1789 sie
179 1739 295 1788 desideriis
304 1739 351 1787 ieta
361 1737 468 1787 fidelibus

226 1802 319 1863 Querit
328 1802 404 1867 petris
414 1802 537 1851 Coesmem.

131 1869 210 1918 Tutus
219 1869 261 1916 bos
272 1867 357 1915 etenim
367 1881 422 1915 mre
431 1867 594 1931 perambulem

129 1932 214 1982 Nutrit
223 1947 278 1980 rure
289 1932 366 1993 Ceres,
377 1932 486 1996 elmeque
497 1932 628 1990 Feusdtes3

130 1998 245 2047 Paetum
255 1996 353 2044 volitent
362 2012 404 2061 per
413 2012 478 2044 mere
488 1997 586 2055 nevitae3

227 2060 324 2125 Culperi
334 2061 418 2110 metuit
428 2060 513 2119 Fides3

130 2126 212 2176 Nullis
222 2125 335 2189 polluitur
345 2133 407 2175 ueste
417 2124 501 2174 domus
512 2124 612 2190 smpris3

130 2191 188 2241 Moe
199 2198 222 2239 et
231 2191 271 2239 lex
280 2191 426 2239 maculosum
438 2184 542 2239 edbmuit
551 2190 632 2248 nefes3
718 2203 720 2207 ’

130 2255 270 2305 Laudentur
280 2254 351 2303 simili
361 2256 425 2318 prole
435 2269 568 2330 pirenem

229 2319 331 2383 Crdpem
341 2319 415 2367 Poene
424 2327 511 2382 premrt
520 2334 605 2368 eomes.

131 2383 193 2444 Quis
204 2383 320 2432 Parthum
330 2386 431 2446 pereat?
448 2382 502 2446 quis
511 2384 616 2447 gelidum
626 2382 747 2448 Scytha?
771 2383 804 2429 25

131 2447 202 2507 Quis,
214 2447 341 2496 Germania
351 2462 410 2510 quos
420 2447 514 2495 horride
522 2449 622 2512 parturit

131 2511 213 2571 Fetus,
223 2510 335 2559 ineolumi
346 2511 457 2559 Cerere?
474 2512 527 2575 quie
537 2512 592 2561 fere

229 2573 325 2624 Bellum
337 2583 401 2624 euret
411 2575 513 2624 Iberia?
