1800 2934
147 109 193 156 116
396 107 514 157 EPODI.
534 108 569 155 16.

393 371 467 424 ODB
482 370 556 421 XVI.

308 503 350 551 Ad
361 504 484 567 Populum
494 504 640 551 Romanum·

125 663 128 668 -
138 631 222 681 Altera
230 635 281 696 jam
291 632 373 682 teritur
383 631 449 680 bellis
457 631 565 680 civilibus
575 639 638 690 eea,

171 698 225 746 Suis
236 709 260 746 et
270 699 321 763 ipsa
330 699 409 746 Roma
418 696 508 745 viribus
518 697 573 744 ruit.

139 760 224 821 Quam·
231 779 306 828 neque
317 761 410 810 finitimi
420 762 543 810 vaiuenmt
553 760 649 825 perdere
658 757 744 814 Matri.

171 827 273 877 Minaeie
285 836 326 876 aut
335 827 435 875 Etrusca
445 827 554 875 Porsena
563 839 657 885 manua,

138 890 239 941 AEmula
248 907 291 941 nec
301 892 374 940 virtus
384 889 482 954 capue,
492 906 536 939 nec
546 892 670 954 Spartacum
680 903 741 950 aoer,
795 889 811 934 b

172 957 199 1005 N
199 957 293 1021 ovisque
303 958 371 1005 rebus
381 954 481 1004 infidelis
490 956 622 1012 Allobrox3

51 1072 57 1081 ι
139 1021 191 1069 Nec
201 1022 250 1070 fera
260 1021 358 1070 eoeruleb
367 1020 459 1070 domuit
470 1020 597 1069 Germania
606 1020 678 1083 pube,
731 1076 734 1081 ⁴

170 1086 355 1149 Parentibusque
365 1085 511 1134 abominatus
522 1083 660 1141 Hannibal3

139 1149 219 1213 Impia
228 1151 351 1214 perdemua
361 1150 439 1199 devoti
448 1151 568 1214 sanguinis
578 1157 648 1206 &1⁸³3

171 1214 645 1280 Ferisquemrsusopcupabituraolum,
784 1211 813 1260 le

139 1279 266 1342 Barbarus,
278 1281 340 1330 heu!
359 1282 444 1329 cinerea
455 1281 544 1329 insistet
552 1281 633 1340 vietor,
644 1285 668 1326 et
677 1278 771 1326 Urbem

171 1344 252 1408 Eques
262 1355 357 1394 sonante
368 1345 497 1394 verberabit
505 1343 610 1408 ungulde

139 1408 248 1474 Quaque
258 1420 336 1460 carent
345 1411 419 1459 ventis
429 1419 454 1458 et
463 1410 550 1459 solibus
561 1424 612 1458 oasa
622 1407 727 1468 Quirini,

174 1475 260 1538 (Nefas
270 1474 356 1537 videre)
369 1475 491 1539 dissipabit
500 1474 616 1523 insolens!

140 1541 218 1601 Forte,
230 1540 288 1605 quid
298 1539 413 1605 expediat,
425 1541 588 1601 communiter,
599 1545 641 1588 aut
649 1537 733 1586 melior
742 1552 806 1603 paro,

173 1606 247 1653 Malis
258 1621 333 1654 oarera
343 1605 445 1670 queritis
455 1605 581 1653 laboribus.
785 1604 814 1650 16

140 1670 217 1717 Nulla
227 1671 258 1718 sit
267 1671 312 1719 hae
321 1670 397 1734 potior
407 1670 528 1729 sententia,
541 1669 705 1734 (Phocaeorum

173 1734 247 1783 Velut
256 1736 360 1800 profugit
369 1743 486 1784 exsecrata
495 1735 585 1793 civitae,

139 1797 219 1861 Agros
229 1808 299 1864 atque
309 1801 368 1850 lares
378 1800 474 1865 patrios,
485 1799 658 1863 habitandaque
667 1797 724 1844 faoa

170 1864 244 1927 Apris
255 1866 348 1929 reliquit
359 1865 514 1930 etrapaeibue
525 1863 600 1927 lupis)
783 1862 815 1907 20

140 1929 188 1988 Ire,
200 1929 269 1992 pedes
279 1945 428 1994 quocumque
438 1930 520 1989 serent,
529 1940 677 1994 quocumque
686 1941 730 1990 per
739 1925 816 1973 undas

173 1995 252 2043 Notus
263 1995 361 2055 vocabit,
373 2003 414 2043 aut
423 2004 544 2060 protervus
553 1993 658 2043 Africus.

141 2058 180 2108 Sic
190 2059 282 2122 placet?
299 2073 329 2108 an
339 2059 424 2107 melius
433 2060 487 2171 puio
498 2060 569 2108 habet
581 2057 695 2106 euadere?
713 2052 817 2103 secundi

173 2125 260 2173 Retem
270 2140 382 2189 occupare
392 2124 433 2189 qui
460 2139 580 2175 moramur
589 2122 663 2171 alite?

141 2189 188 2239 Sed
196 2190 302 2251 juremus
311 2189 336 2236 in
347 2190 411 2238 haee
429 2188 507 2238 Simul
517 2188 572 2236 imis
582 2202 638 2237 oaxa
647 2185 752 2235 munt
784 2186 816 2231 25

146 2273 149 2279 ·
174 2254 249 2304 Vadis
258 2255 343 2313 levata,
354 2269 384 2302 na
393 2253 468 2303 redire
478 2254 507 2302 rit
517 2254 598 2310 nesam

141 2319 198 2366 Neu
209 2333 317 2367 oonveraa
326 2319 424 2367 domum
434 2319 513 2383 pigeat
522 2317 579 2366 dare
588 2317 668 2378 lintea,
680 2315 778 2380 quando

175 2381 255 2430 Padus
265 2383 359 2432 Matina
367 2383 449 2432 laverit
460 2383 589 2443 eacumina,

142 2446 174 2493 In
183 2461 248 2494 mare
258 2462 299 2494 aeu
309 2448 384 2496 calma
393 2447 533 2511 procurrerit
539 2445 691 2511 Apenninus,

174 2509 291 2573 Novdque
301 2521 404 2560 monstra
412 2513 519 2574 junxerit
527 2512 626 2560 libidine
785 2509 817 2556 30

143 2572 222 2620 Mirus
233 2589 312 2622 amore
328 2577 395 2636 juvet
405 2585 432 2624 ut
442 2576 512 2639 tigres
522 2576 641 2626 subridere
650 2574 732 2636 omns,

176 2635 328 2687 Adulteratur
338 2647 361 2687 et
371 2640 480 2690 eolmnbe
489 2641 579 2703 milii03
