1800 2934
303 124 449 174 serrum.
468 126 490 173 1.
508 126 531 172 4.
709 126 755 180 1³7
782 92 785 97 ⁴

77 251 173 302 Idcirco
183 251 585 317 quidumcomoedisnecnepoiims
725 256 768 302 45,

79 318 160 378 Esset,
173 319 314 382 qusesictre3
332 319 396 383 quod
405 334 458 367 acer
468 317 562 382 spiritus
573 335 600 368 sc
610 319 646 369 vis

11 400 13 441 ι
79 384 136 430 Nec
145 383 221 431 verbis
232 398 274 430 nec
284 385 353 432 rebus
363 384 437 440 inest3
455 384 500 431 nisi
510 383 573 447 quod
583 384 642 448 pede
652 393 714 433 certo

11 446 13 487 i
79 447 169 496 Differt
179 448 287 509 emmoni,
300 461 375 497 sermo
385 463 470 496 merus.
487 449 512 511 ῃ
521 448 558 496 At
567 458 633 512 pster
642 449 724 499 mdsns

80 513 162 573 Saevit,
174 513 238 576 quod
248 514 366 561 meretrice
375 527 447 575 nepos
456 513 552 560 insanus
562 513 638 562 amici

81 577 169 637 Filius,
180 593 276 626 uxorem
287 578 369 642 grandi
379 593 434 626 cum
445 578 499 625 dote
509 588 606 638 recuset,
724 582 757 629 to

81 643 171 691 Ebrius
181 651 205 690 et
215 644 341 708 (magnum
351 643 415 707 quod
425 640 536 704 dedecus)
547 642 652 699 ambulet
662 652 717 693 unte

82 709 186 755 Noctem
196 722 251 754 cum
262 707 358 756 fecibus.
381 709 406 770 {l
415 707 543 771 Numquid
554 707 698 770 Pomponius
708 708 758 758 istis

69 784 72 796 ‘
82 770 187 819 Audiret
195 771 289 832 leviora,
300 781 366 847 pater
376 772 396 820 si
406 772 513 821 viveret?
530 773 596 836 Ergo

82 836 140 883 Non
152 835 208 884 estis
218 844 252 884 est
262 851 326 900 puris
336 852 428 886 versum
438 838 579 900 perscribere
588 836 680 897 verbis,

83 900 166 960 Quem
176 900 196 948 si
206 900 327 962 dissolves,
337 902 414 966 quiris
425 903 582 951 stomachetur
589 902 675 950 'codem
725 905 758 952 tt

83 965 140 1023 Quo
150 974 288 1029 personatus
299 976 367 1042 pecto
376 974 449 1030 pater.
479 967 535 1027 His,
546 983 590 1043 eqo
598 983 652 1032 quae
661 981 734 1028 nuuc,

84 1029 152 1078 Olim
164 1045 218 1093 quae
228 1031 318 1095 scripsit
328 1032 443 1091 Lucilius,
455 1032 538 1095 eripias
549 1047 571 1080 sr

84 1095 204 1208 'l'empmp
214 1104 276 1144 certa
285 1096 421 1160 modosque,
431 1104 463 1157 et,
471 1096 535 1160 quod
542 1096 608 1161 prius
618 1096 699 1147 ordine
709 1111 760 1145 rer·

200 1175 243 1207 um
254 1169 296 1221 est,

84 1225 205 1274 Posterius
215 1225 295 1285 facins,
305 1239 442 1290 proponens
451 1225 537 1273 ultime
546 1224 643 1288 primis3

83 1291 141 1337 Non
154 1291 201 1354 (ut,
213 1290 233 1337 si
243 1291 326 1350 solrss,
339 1294 357 1320 “
365 1291 495 1354 Postquam
506 1289 620 1338 discordis
629 1299 688 1340 tetra
725 1291 759 1339 60

85 1356 103 1384 “
112 1355 177 1403 Belli
187 1354 283 1404 senatos
292 1364 378 1418 postes,
388 1364 513 1419 portasque
523 1354 645 1418 refregit')

85 1419 197 1468 luventas
208 1420 279 1468 etism
289 1419 378 1481 disjecti
387 1421 494 1469 membre
504 1419 586 1483 poitae.

84 1484 206 1532 Hactenus
216 1485 281 1532 hoecr
298 1485 365 1543 sliss,
373 1486 465 1546 justum
475 1484 507 1534 sit
516 1499 588 1534 neme
598 1485 698 1549 p03ms=

83 1551 157 1597 Nunc
167 1549 229 1597 illud
238 1556 330 1598 tanum
341 1564 461 1613 quaersmz
478 1549 591 1598 meritone
601 1550 645 1598 tibi
655 1550 685 1597 sit

84 1615 226 1678 Suspectum
236 1629 311 1678 genus
321 1614 366 1662 hoc
376 1615 497 1664 scrimdi
526 1614 620 1664 Sulcius
630 1629 682 1662 scer
726 1614 759 1661 ot

83 1679 204 1728 Ambulst
214 1687 238 1728 et
248 1679 356 1743 Caprius,
367 1680 431 1729 rauci
441 1680 512 1739 mnle,
523 1694 625 1743 cumque
633 1677 733 1736 libellis3

84 1744 191 1807 Magnus
201 1752 301 1808 utsrque
309 1744 378 1792 timor
387 1745 531 1792 latronibusr
549 1753 582 1802 ct,
594 1746 653 1792 bene
663 1744 683 1792 si
693 1742 747 1809 quis

83 1807 118 1856 Iit
127 1809 193 1858 vivat
202 1810 267 1874 puris
276 1809 395 1870 manibus,
407 1818 540 1857 mntemnat
549 1816 683 1874 utrimque.

84 1873 121 1925 Ut
130 1873 163 1922 sis
173 1881 200 1922 tu
210 1873 293 1922 similis
304 1873 364 1922 dett
374 1873 493 1988 Birrique,
503 1874 629 1935 lenonum,

83 1938 141 1986 Non
152 1954 195 2002 ego
205 1939 250 1987 sim
261 1939 342 2003 Capri,
354 1953 430 2003 neque
458 1938 521 1996 ulci3
534 1954 575 1988 cur
584 1948 675 1988 memes
685 1942 746 1989 nic?
794 1969 800 1976 -

11 2046 13 2049 ,
84 2002 162 2051 Nullo
172 2004 520 2068 tsbemsmeoshsbestnsque
530 2004 687 2068 puericellos,
727 2004 758 2058 71

83 2067 158 2127 Queis
168 2084 254 2116 merrus
263 2069 357 2118 insudet
366 2069 432 2134 vulgi
440 2070 643 2134 Hermogenisque
654 2069 757 2132 Tigelli3

84 2133 137 2182 Nec
148 2134 242 2182 recitem
253 2134 392 2198 quidquem,
405 2134 451 2182 nisi
461 2135 550 2191 amicis,
561 2134 633 2198 idque
642 2143 749 2189 eoscum

83 2199 109 2246 N
110 2213 142 2247 on
152 2198 238 2258 ubivis,
250 2213 356 2249 coramve
366 2200 515 2263 quibuslibet
533 2200 558 2261 ql
567 2200 598 2247 In
608 2199 685 2247 medio
696 2197 738 2262 qui

84 2262 175 2327 Scripta
184 2263 233 2311 foro
243 2264 347 2323 recitent,
356 2274 411 2313 sunt
420 2265 500 2324 multi,
511 2263 599 2329 quique
608 2264 725 2311 lavantes:

85 2328 163 2377 Suave
172 2329 238 2391 locus
248 2328 300 2376 voci
309 2338 401 2377 resonet
411 2331 539 2378 conclusus.
558 2334 579 2386 q]
587 2329 673 2376 lnanss
728 2326 761 2380 76

84 2392 138 2441 Hoc
146 2393 224 2457 juvat,
235 2393 300 2442 haud
309 2393 370 2441 illud
397 2402 517 2454 uaerentes,
528 2408 587 2441 num
598 2393 647 2441 sine
658 2406 735 2450 serssu,

84 2456 202 2520 Tempore
212 2466 272 2506 num
282 2458 368 2506 fausht
402 2459 408 2469 ⁴
438 2474 461 2507 o.
479 2457 610 2521 qllsedere
621 2456 717 2520 gaudes,

85 2521 184 2586 Inquis;
203 2531 226 2571 et
236 2523 281 2572 hcc
288 2523 366 2573 studio
373 2538 459 2587 prsvus
469 2523 532 2571 facis
550 2523 575 2584 ql
582 2521 653 2571 Unde
660 2521 761 2586 petitum

85 2586 139 2636 Hoc
149 2586 176 2635 in
186 2603 226 2639 mc
235 2588 310 2650 jocis?
322 2596 358 2637 est
365 2587 506 2651 auctorquis
514 2587 614 2650 derrique
621 2601 710 2645 eurum,
727 2587 760 2634 80

84 2651 143 2701 Vixi
154 2667 210 2702 cum
223 2653 327 2718 quibust
343 2653 475 2704 Absentem
485 2652 528 2715 qui
537 2651 599 2700 rodit
608 2650 728 2761 qmicumr

582 2728 602 2764 rt
