1800 2934
304 83 450 133 SATIRAE.
468 85 503 133 11.
518 87 553 132 3:
715 84 763 133 loo

91 215 216 266 Luscinias
226 211 287 260 soliti
298 212 332 260 im
377 228 402 260 so
412 213 523 276 prandere
533 212 648 269 co'e‘mtas3
705 214 763 263 ,245

88 278 318 339 Quorsum'abeant?
330 227 419 341 fxiiii]
428 278 498 337 meti,
507 292 537 324 an
544 279 641 325 carbone
648 276 763 326 notandi?

88 345 217 393 AEdifieare
226 358 297 399 casas,
309 342 415 405 plostello
426 342 551 404 adjungere
561 357 646 401 mures,

15 436 16 465 1
91 410 185 458 Ludere
195 423 238 471 par
248 407 333 469 impar,
344 407 446 470 equitare
457 407 482 452 in
493 405 604 453 anmdine
613 406 692 471 longi,

89 474 116 523 Si
126 490 198 537 quem
209 471 306 520 delectet
315 473 447 528 barbatum,
459 470 560 519 amentis
569 481 648 519 verset.

15 592 16 595 Ἴ
90 539 115 586 Si
126 538 238 600 puerilius
249 535 295 592 his,
307 536 364 583 ratio
375 550 422 582 esse
433 535 635 594 evincetamare3
713 537 761 583 250

90 603 143 650 Nec
154 602 283 665 quidquam
295 600 393 658 differre,
405 607 515 647 utrumne
525 599 550 644 in
564 599 667 661 pulvere,
679 600 762 647 trimus

89 667 168 726 Quale
178 667 252 730 prius,
263 663 330 713 ludas
340 679 407 727 opus,
419 679 449 711 sn
460 663 585 718 meretricis
595 678 673 711 amore

89 731 208 780 Sollicitus
218 730 308 792 plores,
325 743 413 824 quaro,
423 727 532 785 faciasne,
544 728 607 791 qu'od
617 728 675 775 olim

89 796 200 844 Mutatus
212 795 336 842 Polemon.
357 808 429 857 ponas
439 792 539 856 insignia
549 793 632 852 morbi,

89 858 319 917 Fasciolsacubiul,
331 857 587 920 focalia3potusutille
715 859 762 904 255

88 923 183 972 Dicitur
193 939 224 971 ex
234 922 292 971 collo
302 922 384 969 furtim
395 922 505 984 carpsisse
515 936 617 981 coronas,

89 989 219 1052 Postquam
230 995 265 1034 est
274 986 386 1049 impransi
396 994 513 1048 correptus
523 996 578 1034 voce
587 985 717 1048 magistri?
739 998 742 1005 ·

88 1053 192 1115 Porrigis
202 1052 261 1100 irato
271 1066 343 1113 puero
354 1065 407 1098 cum
418 1064 497 1112 poma,
507 1061 610 1100 recusat:

90 1118 171 1174 Sume,
184 1115 286 1171 Catelle;
304 1123 384 1177 negate
402 1114 422 1162 si
432 1129 479 1161 non
490 1114 539 1173 des,
550 1124 621 1178 optat.
638 1116 738 1163 Amator

89 1182 207 1230 uxuusus
218 1181 261 1244 qui
272 1179 349 1239 distat,
361 1179 410 1242 egit
422 1179 464 1226 ubi
477 1195 564 1237 secum,
574 1188 620 1239 eat,
631 1195 662 1227 an
672 1195 728 1237 non,

89 1246 145 1306 Quo
156 1245 271 1293 reditums
282 1253 330 1292 erat
341 1259 387 1291 non
398 1244 526 1303 arcessitus,
537 1252 560 1291 et
570 1244 641 1292 heret
714 1244 760 1292 261

91 1311 176 1359 Invisis
187 1309 291 1358 foribus?
309 1309 348 1355 Ne
357 1322 429 1366 nunc,
441 1323 495 1355 cum
506 1324 544 1355 me
555 1317 621 1355 vocat
630 1309 701 1368 ultro,

88 1375 228 1423 Accedam?
246 1388 277 1421 an
287 1373 364 1436 potius
374 1373 472 1420 mediter
482 1372 548 1420 finire
558 1371 665 1420 dolores?
701 1414 703 1417 .

88 1438 207 1497 Exclusit,
220 1446 323 1486 revocat:
340 1438 446 1485 redeam?
463 1452 519 1496 non,
531 1437 550 1485 si
561 1439 668 1485 obsecret.
684 1436 746 1484 Ecce

89 1505 183 1561 Servus,
195 1517 242 1550 non
283 1502 323 1549 ulo
334 1502 470 1566 sapientior;
482 1501 506 1551 0
517 1502 580 1561 here,
592 1517 645 1565 quae
656 1516 691 1549 res
714 1502 762 1547 265

89 1569 141 1616 Nec
147 1567 247 1615 modum
271 1569 324 1614 abet
330 1582 406 1632 neque
414 1567 544 1626 consilium,
553 1566 641 1613 ratione
647 1564 762 1628 modoque

89 1633 196 1681 Tractari
206 1646 253 1680 non
259 1631 316 1679 vult.
335 1632 366 1679 In
374 1631 509 1680 amorehaec
516 1631 652 1686 suntmala3
664 1629 774 1690 bellum,
794 1642 797 1647 ⁴

89 1697 142 1745 Pax
152 1712 260 1753 rursum
277 1696 327 1744 hac
338 1696 358 1743 si
368 1697 429 1760 quis,
440 1695 582 1759 tempestatis
592 1710 664 1757 prope
673 1692 720 1741 ritu
743 1708 747 1713 “

89 1761 199 1820 Mobilis,
212 1770 235 1810 et
245 1761 304 1810 coeci
315 1761 430 1809 fluitantia
438 1770 506 1817 sorte,
514 1761 602 1807 laboret

90 1826 198 1874 Reddere
208 1835 269 1874 certa
279 1826 332 1884 sibi,
344 1825 417 1872 nihilo
427 1824 481 1888 plus
492 1825 598 1887 explicet,
609 1839 637 1872 ac
647 1823 667 1872 si
714 1825 762 1881 27⁰

89 1890 195 1938 Insanire
205 1900 270 1953 paret
281 1890 342 1939 certis
352 1889 439 1937 ratium
448 1889 571 1952 modoque.

90 1951 177 2012 Quid?
194 1969 257 2013 cum,
270 1954 360 2001 Picenis
370 1968 494 2016 excerpens
505 1954 593 2001 semina
602 1954 686 2019 pomis,

91 2018 194 2079 Gaudes,
207 2019 226 2065 ai
237 2026 351 2066 cameram
362 2018 463 2081 percusti
472 2017 539 2076 forte,
550 2034 620 2082 penes
631 2029 654 2067 te
664 2018 707 2067 es?

90 2081 156 2141 Quid
164 2086 175 2131 l
192 2098 247 2131 cum
257 2083 327 2130 balba
336 2082 390 2130 feris
401 2097 487 2130 annoso
497 2085 567 2131 verba
577 2084 663 2147 palato,

88 2146 232 2195 AEdiflcante
242 2163 304 2195 casas
315 2147 357 2210 qui
368 2148 463 2195 senior?
480 2147 550 2196 Adde
560 2163 664 2196 cruorem
713 2146 761 2200 275

90 2211 209 2270 Stultitia,
226 2221 296 2276 atque
312 2212 391 2275 poem
405 2212 484 2275 gladio
499 2220 613 2262 scrutere:
630 2211 710 2271 modo,
725 2210 762 2256 in·
788 2216 791 2219 ’

204 2292 258 2324 uam

90 2294 316 2405 Helladeqpererissi,
328 2341 421 2390 Marius
431 2341 624 2405 cumfprreeipitit
633 2356 665 2396 se,

90 2403 194 2454 cerritus
204 2405 268 2453 luit?
284 2420 314 2453 an
325 2415 446 2455 commotae
457 2406 553 2454 crimine
563 2405 648 2452 mentis

89 2467 206 2519 Absolves
215 2470 343 2530 hominem,
355 2479 378 2518 et
389 2471 478 2520 sceleris
488 2470 609 2517 damnabis
620 2467 736 2527 eumdem,

89 2532 129 2581 Ex
139 2549 204 2582 more
213 2535 334 2598 imponens
344 2543 442 2598 cognata
455 2533 565 2581 vocabula
575 2534 664 2582 rebus?
713 2534 762 2580 280

90 2596 225 2647 libertinus
234 2607 291 2661 erat,
303 2599 344 2662 qui
355 2600 442 2647 circum
453 2596 555 2659 compita
565 2597 638 2644 siccus

614 2672 632 2709 Q
