1800 2934
150 121 195 170 lta
366 116 513 168 SATIRAE.
530 115 552 167 1.
569 118 592 167 8.

145 250 215 300 Albia
225 248 348 298 informem
359 250 492 313 spectabant
501 248 590 296 osubur
600 261 698 310 agmmr
785 249 814 296 lo

146 312 209 363 Cum
219 313 278 361 mihi
287 328 335 361 non
346 321 438 361 tantum
447 313 557 376 furorque
567 311 676 375 fereque,
689 311 763 362 sueta

145 379 218 427 Hunc
229 394 311 426 vexare
320 377 408 434 locum,
419 393 480 425 curae
491 386 545 424 suut
555 385 625 440 etque
635 376 718 438 labori,
732 394 734 399 ⁴

145 442 277 503 Quantum,
289 442 428 490 carminibus
438 458 492 505 quae
502 450 593 489 versant
602 449 673 503 atque
683 441 778 489 rumis

145 507 270 555 Humanoa
280 506 383 554 animoa:
398 506 441 553 hae
451 506 517 552 nullo
527 504 621 567 perdere
630 519 727 565 potem
783 507 815 554 ab

145 572 197 620 Neo
206 570 327 635 prohibere
333 570 413 630 modo,
424 570 496 617 simul
506 583 533 616 ac
543 584 602 631 vaga
612 568 669 615 luna
679 569 788 618 deoomm

145 635 247 684 Protulit
256 651 290 695 os,
302 635 359 698 quin
370 649 421 681 osea
430 634 518 696 legunt,
529 633 657 696 herbaeque
667 642 782 682 nocenter.

145 699 204 749 Vidi
214 708 305 763 egomet
314 699 381 762 nigri
390 698 530 745 succinctam
542 697 624 745 vadem
633 697 697 760 pull

146 764 278 823 Canidiam,
290 763 389 827 pedibus
398 761 475 821 undis,
486 777 598 825 pastuque
608 762 701 824 capillo,

145 828 208 878 Cum
219 828 311 892 Sagana
320 828 407 887 maiore
417 826 562 874 ululantema
574 826 648 889 pallor
658 835 768 892 utraeque
783 829 815 875 25

144 894 240 941 Fecerat
250 891 373 940 horrendas
383 891 499 953 adspecta
524 890 630 953 Scalpere
639 898 726 939 terram

146 958 282 1020 Unguibus,
294 966 316 1002 et
326 955 416 1018 pullam
426 955 534 1003 divellem
544 954 660 1003 mordicus
671 970 767 1018 agnam,

145 1022 285 1086 Creperunt3
302 1034 368 1066 cruor
378 1019 403 1067 in
414 1019 499 1067 fossam
510 1018 627 1077 confusus,
638 1019 731 1068 atinde

145 1085 230 1134 Manes
241 1085 355 1143 elicerent,
366 1084 457 1131 animae
467 1098 575 1147 responsa
584 1082 685 1131 daturae.

146 1147 356 1210 Isaneaeteffigies
366 1157 422 1207 erat,
434 1149 506 1195 altera
516 1163 594 1204 oerea3
610 1149 686 1209 major
783 1150 814 1197 30

145 1213 235 1272 lanea,
247 1229 300 1277 que
309 1212 382 1275 poeuia
392 1221 544 1275 compesceret
554 1210 692 1260 inferiorem.

146 1278 219 1326 (lorea
229 1276 361 1341 suppliciter
371 1279 455 1335 stabat,
467 1276 595 1334 servilibus,
606 1291 623 1323 n
649 1291 681 1324 ue

145 1343 203 1392 dam
214 1343 323 1406 paritura,
334 1341 416 1389 modia
433 1341 540 1388 Hecaten
549 1349 615 1389 vocat
648 1349 706 1401 tera,
718 1356 803 1392 eaevm

145 1407 229 1456 Altera
241 1405 398 1469 'lieiphouenr
415 1414 530 1469 serpentes
540 1413 610 1468 atque
620 1404 709 1454 videres

146 1471 252 1520 Infernae
263 1485 336 1518 errare
346 1485 428 1525 canea3
444 1470 572 1533 lunamque
582 1471 713 1530 rubentem,
783 1471 814 1518 35

146 1537 186 1585 Ne
196 1536 254 1584 foret
264 1535 301 1582 hio
311 1534 382 1594 testie,
394 1542 446 1597 post
457 1548 543 1596 magna
552 1534 622 1580 latere
632 1534 746 1596 sepulcra.
831 1547 838 1563 ‘

146 1600 251 1649 Mentior
261 1607 285 1647 at
295 1598 315 1646 ei
325 1597 391 1662 quid,
402 1597 488 1644 mardie
498 1605 567 1660 caput
577 1596 685 1659 inquiner
694 1598 756 1647 albia

146 1664 291 1721 Corvorum3
309 1674 379 1728 atque
388 1662 413 1708 in
425 1675 464 1708 me
473 1662 552 1709 veniat
562 1660 660 1709 mictum
670 1669 742 1726 atque
752 1678 816 1713 oam-

245 1737 296 1777 tum
818 1737 820 1745 ’

147 1792 236 1853 Julius,
249 1802 272 1840 et
281 1791 369 1856 fragilia
379 1789 493 1851 Pediatia,
504 1790 588 1855 surque
597 1790 714 1839 Voranue.
784 1794 817 1842 ³9

147 1857 247 1918 Singula
250 1857 454 1920 quidmemorem?
463 1870 509 1919 quo
512 1864 588 1930 pecta
593 1856 681 1903 alterna
687 1856 817 1920 loquentes,

135 1922 244 1969 ‘Umbra
255 1935 308 1968 cum
318 1920 411 1983 sagonia
420 1919 620 1968 reoonlrmttriate
630 1930 653 1967 et
663 1929 776 1979 acutum

146 1987 227 2049 thue
236 1984 288 2047 lupi
297 1986 402 2044 barbam,
414 1984 483 2032 variar
494 1999 548 2031 curu
558 1982 627 2032 dente
636 1983 747 2047 wlubrae,

146 2048 287 2098 Abdiden'nt
296 2048 377 2095 furtim
388 2049 468 2105 terria3
485 2057 510 2096 'et
519 2047 621 2110 imagine
631 2049 697 2096 oered

40 2116 47 2125 “
146 2114 245 2177 Largior
254 2111 417 2174 arseritignie3
433 2112 725 2161 etutnonteetieinultua

147 2177 285 2229 Horruerim
296 2191 360 2224 voces
370 2176 495 2224 Furiarum
506 2184 529 2224 et
538 2176 599 2224 facta
608 2176 718 2226 duarum.
784 2180 819 2228 lb

147 2244 222 2297 Nam,
233 2240 333 2304 dieplom
343 2249 409 2287 conat
419 2238 535 2304 quantum
542 2241 624 2300 vesica,
634 2241 719 2304 pepedi

146 2304 385 2355 Diffieadnateficuat
403 2304 727 2355 atillrecntrereinurbem:

148 2370 252 2419 Canidia
262 2369 349 2428 denter,
361 2369 436 2416 altum
445 2369 544 2431 sagana
553 2368 706 2429 caliendrum,-

149 2434 271 2494 Excidere,
282 2441 352 2497 atque
361 2433 451 2490 herbae,
463 2443 533 2495 atque
542 2433 658 2481 incanmta
667 2433 760 2485 incertia

148 2496 259 2552 Vincula,
270 2512 324 2549 cum
335 2510 421 2563 magno
430 2496 525 2560 rituque
532 2497 631 2565 jocoque
641 2497 737 2551 videret·
784 2502 819 2553 bd
