1800 2934
158 44 204 91 106
407 43 526 93 EPODI.
545 47 568 93 ὅ.

156 171 218 233 Quia
228 170 302 220 sidera
312 180 433 235 excantata
442 188 498 223 νοω
509 172 632 233 Thessalis,

188 236 337 300 Lunamque,
349 238 405 286 coelo
415 237 507 300 deripit.

155 301 205 351 Hic
215 300 348 349 irresettum
359 317 420 352 aava
430 303 499 351 dente
508 301 580 352 livido

188 365 287 414 Canidia
296 366 378 415 rodens
388 367 506 431 pollinem,
595 390 598 405 ·

156 430 223 491 Quid
233 430 314 479 dixit?
303 433 372 480 saut
382 432 440 496 quid
451 432 544 482 tacuit?
572 431 675 481 Oranus
684 430 744 479 meis

186 497 213 543 N
213 509 243 543 on
253 494 356 544 infideles
367 449 468 556 ailbiuae,

155 561 221 622 Nox,
234 568 257 609 et
267 560 347 609 Diana
373 577 410 610 uoe
420 530 539 610 silaiatiuni
549 560 619 625 ragis,

188 596 283 673 Aicana
294 641 348 674 auin
357 578 419 674 iuuat
430 641 510 674 sacra.
504 626 511 658 '

155 690 236 749 Nunc,
249 706 311 738 nunc
321 690 414 739 adeste:
431 705 495 738 nnnc
505 690 530 738 in
540 690 635 740 hostiles
645 690 727 738 domos

188 757 253 804 Iram
263 764 333 818 atque
342 770 430 803 numan
440 755 536 804 vertitez
566 758 567 761 ’

156 819 321 869 Formidolosas
331 818 389 866 dnm
401 820 476 869 latent
486 820 549 869 silvis
559 820 623 880 saraa,

187 884 260 932 Dulci
270 898 350 946 sopore
358 885 484 949 languidae,

156 950 241 999 Sanam
253 948 328 1012 (quod
338 964 418 998 omnss
427 948 529 1012 ridaant)
540 948 672 998 adnltsmm

188 1015 286 1062 latrent
296 1013 426 1063 Suburanas
435 1030 512 1075 sanas,

155 1078 238 1126 Nardo
247 1086 396 1141 perunctum,
408 1081 477 1143 quale
487 1094 535 1129 non
545 1077 667 1143 persentiam
732 1084 742 1102 ⁰

187 1143 252 1191 Msae
261 1143 388 1191 laborarint
398 1159 491 1192 manus.

155 1207 223 1268 Quid
232 1207 332 1256 accidit?
348 1224 389 1257 cur
399 1209 450 1256 dira
459 1209 564 1256 barbana
573 1206 652 1255 minus

187 1273 286 1322 Venena
296 1272 389 1321 Madeae
399 1273 485 1333 valent,

155 1337 250 1400 Quibus
260 1353 287 1385 sn
327 1340 384 1387 bam
370 1337 456 1414 fugit
466 1337 517 1385 ulta
526 1335 642 1401 pellican,

186 1402 273 1467 Magni
303 1402 388 1451 reontis
398 1402 480 1464 filiam,

155 1467 218 1518 Cum
228 1467 300 1532 pulla,
311 1469 366 1516 tabo
376 1482 464 1514 munus
472 1437 605 1529 imbutum,
615 1481 701 1516 novam

188 1532 300 1582 Incendit>
309 1539 408 1595 nuptam
419 1531 532 1579 abstulit?

154 1598 232 1663 Atqui
242 1612 285 1646 nac
295 1597 375 1658 herba,
384 1611 427 1645 nac
436 1595 528 1644 latens
520 1611 546 1644 ιιι
555 1596 642 1660 aspasis

187 1662 267 1711 Radix
276 1661 358 1710 fefellit
367 1677 407 1709 ane
416 1660 480 1709 locis.
562 1705 564 1710 .

155 1727 271 1775 Indomait
281 1727 356 1775 unctis
366 1725 473 1775 omnium
483 1725 600 1775 aubiffbus

188 1791 442 1854 Oblivionepeliicum.
577 1821 579 1825 -
796 1792 827 1846 70

153 1856 196 1904 Ah
205 1858 212 1904 t
230 1855 276 1902 ah!
295 1856 384 1904 solutus
394 1855 501 1905 ambulat
510 1853 616 1904 veneficas

186 1920 317 1970 Scientioris
328 1920 437 1969 carmine.

60 1968 62 1977 Ι
154 1987 211 2035 Non
222 1984 321 2043 usitatis,
332 1985 405 2046 Vara,
416 1986 558 2051 potionibus,

187 2050 223 2116 (Ο
233 2049 309 2097 multa
319 2049 428 2098 fleturum
439 2058 510 2115 capnt
518 2049 538 2112 i)

152 2116 195 2165 Ad
205 2130 244 2164 ma
254 2129 370 2171 recurram
387 2129 430 2163 nec
440 2122 521 2163 vocata
530 2127 597 2163 mans
608 2122 649 2163 tua
796 2113 828 2168 75

184 2180 272 2229 Marsis
281 2179 365 2227 redibit
375 2179 486 2228 vocibus·

152 2246 235 2307 Majus
245 2246 340 2307 parabo,
352 2244 429 2305 majus
438 2243 566 2292 infundam
572 2242 615 2292 tibi

152 2308 321 2420 Pr¹Fastidienti
330 2307 449 2370 potamium

237 2389 267 2420 ue
237 2372 361 2420 undum
372 2371 430 2419 sidat
439 2372 536 2421 inferius
546 2372 614 2432 masi,

152 2374 208 2483 ΡΠΤ
240 2451 281 2483 ure
291 2435 395 2499 porrecti
405 2451 482 2498 snper,
796 2438 829 2484 80

153 2498 233 2556 Quam
244 2513 291 2546 non
302 2513 381 2546 asnore
391 2499 423 2547 sic
433 2514 486 2547 meo
499 2500 590 2564 flagras,
601 2500 637 2548 uti
658 2536 661 2541 <

183 2561 295 2611 Bitumen
307 2562 362 2609 atris
374 2562 475 2624 ignibus.
