1800 2934
130 126 167 172 ’54
366 113 461 166 01)AE
479 110 530 160 ΙΙΙ.
547 110 575 157 t.

171 252 252 311 Quam
263 261 343 311 cogere
353 245 470 293 humanos
478 241 505 288 in
515 253 581 297 usus,

116 340 121 351 a
205 312 284 363 Omne
294 325 385 360 sacrum
394 308 498 370 rapiente
507 302 598 351 dexua

139 380 290 442 Quicumque
301 374 389 423 mundo
399 371 512 420 terminus
523 366 621 427 obstitit,

140 446 214 493 Hune
225 450 305 505 tangat
315 440 394 501 armis,
404 438 476 486 visere
487 433 587 498 gestiens

173 508 229 569 Quia
239 514 303 571 parte
313 503 481 552 debacchentur
490 500 563 561 ignes,

205 572 262 632 Qua
272 570 363 617 nebulae
373 566 493 630 pluviique
504 576 574 609 rores.

141 637 187 688 Sed
196 635 309 686 bellicosis
318 633 367 681 fata
377 629 509 690 Quiritibus

141 703 195 750 Hac
204 703 256 765 lege
266 699 326 756 dico,
336 713 374 756 ne,
385 694 486 742 nimium
496 691 538 755 pii,

174 769 301 829 Rebusque
311 762 414 819 fidentes,
425 758 493 806 avitae

208 832 281 879 Tecta
291 826 363 876 velint
372 839 478 888 reparare
488 820 575 881 Troja·

143 897 222 958 Trojae
232 906 350 942 renascens
361 889 415 937 alite
423 886 520 950 lugubri

143 963 247 1010 Fortuna
257 956 318 1005 tristi
327 954 392 1004 clade
401 953 529 1010 iterabitur,

176 1025 283 1073 Ducente
294 1020 395 1069 victrices
404 1026 505 1066 catervas

209 1089 315 1149 conjuge
325 1100 364 1132 me
373 1082 441 1131 Jovis
451 1090 474 1129 et
484 1095 567 1129 sorore·

144 1155 193 1203 Ter
203 1153 223 1200 si
234 1157 338 1212 resurget
347 1163 429 1195 murus
439 1147 524 1194 aeneus

145 1222 248 1268 Auctore
259 1215 355 1273 Phoebo,
366 1222 401 1260 ter
410 1219 489 1275 pereat
498 1210 556 1258 meis

179 1281 279 1331 Excisus
289 1278 399 1342 Argivis;
417 1285 451 1323 ter
461 1289 522 1322 uxor

212 1347 287 1410 Capta
296 1344 373 1391 vuum
383 1354 513 1404 puerosque
522 1339 605 1403 ploret.

147 1414 203 1462 Non
213 1411 264 1459 haec
271 1411 355 1471 jocosae
365 1404 505 1454 conveniunt
514 1404 585 1467 lyraez
644 1416 646 1421 ·

147 1479 212 1538 Quo,
225 1476 305 1534 Musa,
317 1470 408 1520 tendis?
424 1469 502 1517 desine
512 1468 620 1531 pervicax

181 1541 277 1591 Referre
287 1550 402 1586 sermones
412 1534 527 1593 Deorum,
539 1541 562 1580 et

214 1607 306 1667 Magna
316 1599 391 1650 modis
401 1605 496 1647 tenuare
506 1597 590 1660 parvis.

418 1793 490 1845 ODE
508 1795 554 1844 IV.

151 1931 272 1985 Descende
282 1930 347 1988 coelo,
359 1936 382 1976 et
392 1927 430 1975 die
440 1941 484 1989 nge
494 1923 552 1972 ubit

149 1999 243 2065 Regina
252 1998 351 2059 longum
362 1992 467 2067 Calliope
476 1990 559 2049 melos,
641 2027 649 2039 ,

185 2067 232 2114 Seu
242 2076 298 2111 voce
309 2073 372 2106 nunc
382 2072 457 2104 maus
467 2053 544 2111 acuti,

217 2130 264 2178 Seu
274 2124 360 2173 fidibus
370 2119 486 2170 cithardve
496 2117 587 2166 Phoebi.

150 2193 267 2247 Auditis?
283 2205 314 2238 au
325 2202 364 2236 me
373 2186 434 2234 ludit
445 2182 552 2231 amabilis

152 2259 266 2312 Insania?
283 2253 363 2305 audire
373 2260 397 2300 et
406 2250 485 2299 videor
493 2247 545 2311 pios

186 2325 271 2373 Errare
280 2335 322 2384 per
331 2319 404 2377 lucos,
416 2328 513 2363 amoenae

219 2388 287 2447 Quos
297 2393 321 2432 et
330 2397 396 2443 aquae
406 2381 508 2428 subeunt
517 2384 540 2424 et
550 2391 623 2425 sm

156 2453 200 2502 Me
209 2451 320 2499 fabulosae
330 2445 432 2496 Vulture
442 2443 468 2490 in
478 2443 584 2505 Appula,

156 2515 262 2566 Nutricis
272 2521 338 2561 extra
346 2511 420 2558 limen
429 2507 535 2571 Apuliae,
582 2557 586 2563 ,

190 2579 260 2629 Ludo
269 2577 439 2640 fatigatumque
450 2586 531 2620 somno

223 2641 315 2691 Fronde
326 2638 386 2688 novi
397 2651 497 2703 puerum
507 2636 630 2700 palumbes
