1800 2934
129 118 164 170 ³0
376 114 468 165 ODAE.
486 116 508 162 1.
526 116 567 162 38.

159 245 264 310 sperare,
276 244 414 321 fortunique
424 245 489 293 dulci

193 309 275 358 Ebria.
292 310 338 358 Sed
350 309 436 357 mmnit
446 310 548 357 fumrem

127 375 178 423 vix
188 390 236 423 una
246 391 323 438 sospes
334 375 398 423 navis
409 376 439 422 ab
449 375 559 438 ignibus;

127 439 280 516 Mentemque
289 440 436 504 lymphatam
447 438 575 487 Mareotico

159 505 260 567 Redegrt
270 505 295 551 io
306 520 370 553 veros
380 505 474 552 timores

195 569 281 629 Caesar,
293 571 323 618 ab
334 569 405 617 Italis
415 570 532 616 volantem

129 633 212 682 RemIs
222 634 336 698 adurgens
347 632 464 696 (accipiter
474 632 539 680 velut

128 698 216 747 Molles
226 701 353 758 columbas,
364 705 405 745 aut
414 698 517 760 leporem
528 696 587 744 citus

162 763 266 812 Venator
275 764 299 810 in
310 763 398 825 campis
408 763 491 810 nIvalis

193 828 331 888 AEmoniae)‚
342 827 407 875 daret
417 835 445 874 ut
456 826 541 875 catenis

129 892 211 941 Fatale
221 901 361 951 monstrum,
373 907 435 955 que,
446 891 578 956 generosius

130 957 210 1006 Perire
220 971 333 1018 querens,
344 970 386 1004 nec
395 956 539 1005 muliebriter

161 1021 185 1070 E
233 1022 266 1069 vit
276 1035 363 1078 ensem,
374 1035 417 1069 nec
426 1021 524 1070 latentes

215 1086 274 1135 lasse
283 1086 330 1134 sitia
341 1083 477 1152 [reparavit]
488 1102 552 1135 oras:

129 1151 198 1200 Auss
209 1160 232 1199 et
240 1153 355 1213 jacentem
365 1151 438 1199 visere
447 1152 535 1214 regiam

129 1215 207 1266 Vultu
219 1230 306 1275 sereno,
317 1215 382 1264 fortis
392 1224 415 1263 et
425 1232 517 1280 asperas

164 1281 274 1329 Tractare
285 1289 409 1344 serpentes,
420 1290 447 1327 ut
457 1291 535 1327 atrum

196 1344 298 1408 Corpore
308 1345 447 1393 combiberet
457 1359 588 1403 venenumg

130 1409 265 1459 Deliberatb
275 1418 349 1457 morte
360 1409 455 1456 ferocior
464 1427 472 1468 3

130 1475 202 1526 Sevis
215 1474 325 1522 Liburnis
337 1473 422 1522 scilieet
431 1473 546 1533 invidens,

163 1539 258 1588 Privata
269 1538 352 1586 deduci
362 1540 461 1600 superbo
481 1551 483 1553 ’

196 1605 253 1652 Non
263 1603 359 1665 humilis
369 1603 454 1650 mulier
464 1603 590 1667 triumpho.

347 1796 420 1846 ODE
437 1797 593 1848 XXXVIII.

362 1929 404 1977 Ad
414 1930 572 1978 Monstrum.

132 2059 236 2111 Persicos
246 2059 294 2119 odi,
304 2075 372 2124 puer,
384 2068 524 2123 apparatum

133 2123 264 2188 Displicent
274 2140 341 2173 nexo
351 2124 443 2187 philyrb
454 2138 558 2172 corones

133 2190 206 2239 Mitte
216 2190 305 2250 sectari,
315 2205 367 2238 rosa
378 2205 425 2253 quo
435 2189 539 2238 locorum

263 2255 319 2304 Sera
328 2261 438 2303 moretm.

101 2316 103 2319 ’
133 2318 240 2383 Simplici
250 2328 327 2384 myrto
337 2318 396 2366 nibil
407 2318 519 2369 cllsboms

134 2385 244 2444 Sedulus,
255 2399 325 2432 curos
342 2398 418 2446 neque
429 2390 453 2431 te
462 2383 596 2430 ministrnm

135 2448 240 2499 Dedecet
249 2457 348 2513 myrtus,
360 2462 436 2512 neque
446 2462 486 2495 me
496 2450 540 2496 snb
550 2446 613 2495 arcti

265 2513 321 2562 Vite
333 2511 459 2560 bibentem.
