1800 2934
133 77 178 124 loa
340 72 488 123 SATIRAE.
504 71 542 120 ΙΙ.
557 72 581 118 3.

364 330 496 382 sauma
513 329 563 379 111.

133 464 172 513 Sic
181 479 233 512 raro
242 463 331 524 scribis,
342 470 371 511 ut
378 469 427 510 toto
437 475 484 508 non
495 467 576 524 qnater
585 472 647 506 anno

133 528 298 578 Membranam
307 543 395 592 poscas,
407 526 545 588 scriptorum
554 538 654 588 queque
663 531 778 583 nuruis,

134 595 212 642 Iratus
222 594 274 653 tibi,
286 592 357 657 quod,
368 591 416 639 vini
427 589 549 653 somnique
558 589 682 651 benignus,

135 658 179 707 Nil
188 658 287 721 dignum
297 671 401 705 sermone
410 668 486 702 mnas.
509 653 577 712 Quid
586 653 644 700 flet?
661 653 754 717 stipsis

134 723 295 771 Saturnalibus
305 723 352 769 huc
361 719 441 782 fugisti
447 737 457 779 3
475 718 564 768 sobrius
575 733 628 780 ergo
788 721 806 765 5

133 787 181 835 Dio
191 787 279 851 aliquid
289 786 386 849 dignum
397 783 529 847 promissisz
546 782 629 845 incipe.
653 782 697 830 Nu
707 789 754 830 est:

135 852 266 915 culpantur
275 851 360 898 frustm
369 848 461 907 calami,
472 847 648 910 immeritusque
657 848 747 896 laborat

134 916 204 964 Iratis
212 926 280 963 naurs
290 913 364 978 paries
374 912 421 961 Dis
431 919 502 977 atque
511 912 593 976 politis.

134 981 212 1044 Atqui
222 980 300 1028 vultus
310 987 358 1026 erat
368 977 445 1025 mula
456 985 479 1025 et
487 977 597 1053 preclara
605 976 726 1038 minanda,

134 1045 160 1094 Si
171 1060 270 1093 vacuum
281 1042 359 1106 tepido
369 1043 464 1107 cepisset
474 1042 556 1090 villula
565 1050 632 1090 teoto.
773 1042 806 1097 lo

135 1110 254 1168 Quorsum
265 1108 376 1172 pertinuit
386 1107 470 1171 stipere
480 1106 579 1154 Platona
590 1106 741 1157 Menandro?

134 1173 247 1237 Eupolin‚
258 1172 435 1232 Archilochum,
447 1170 542 1218 comites
551 1170 647 1220 educere
656 1173 750 1221 tantos?

135 1237 252 1286 Invidiam
262 1238 353 1301 placare
362 1253 438 1301 puras,
449 1236 534 1283 virtute
544 1236 641 1285 relicti?

136 1303 289 1361 Contemnere
299 1303 383 1351 miser:
400 1299 494 1350 munda
505 1308 539 1348 est
548 1300 655 1364 improba
665 1301 733 1350 Siren

135 1367 246 1416 Desidia:
260 1375 310 1426 aut,
322 1366 436 1431 quidquid
446 1365 496 1413 vita
504 1365 598 1413 meliore
608 1366 716 1429 passa·
772 1368 803 1416 15

136 1432 276 1481 Ponendum
288 1447 355 1496 equo
367 1430 454 1479 auimo.
471 1429 531 1493 {Di
543 1437 576 1491 te,
588 1430 741 1496 Damasippo,
755 1432 805 1482 D'e.

137 1513 409 1621 Verumlilucednsuium
421 1561 507 1608 donent
517 1568 614 1609 tonsore
631 1561 678 1610 Sed
688 1562 752 1612 unde

136 1627 199 1675 Tam
216 1630 274 1676 bene
290 1643 329 1677 me
343 1626 423 1675 nosti?
445 1626 600 1689 {Postquam
613 1626 807 1676 omuisreamea

231 1692 323 1741 Janum
352 1740 361 1751 ,

136 1756 179 1805 Ad
189 1756 293 1805 medium
303 1758 375 1807 fracta
385 1765 428 1816 est,
439 1757 515 1805 aliena
524 1756 616 1820 negotia
625 1771 689 1816 curo,

114 1844 116 1847 ·
136 1820 256 1869 Excussus
266 1823 377 1887 propriisz
395 1822 452 1870 olim
462 1836 518 1869 nam
528 1836 629 1885 querere
639 1823 757 1881 amabam,
769 1823 803 1869 2⁰

137 1884 193 1944 Quo
203 1885 266 1933 vafer
276 1887 316 1935 ille
326 1887 395 1951 pedes
405 1886 498 1935 lavisset
508 1886 621 1950 Sisyphus
632 1901 684 1945 aare

137 1949 204 2009 Quid
214 1949 328 2013 scalptum
338 1951 435 2010 infabre,
447 1950 505 2014 quid
514 1951 593 1998 fusum
604 1950 685 1998 dunos
695 1958 767 1999 essets

137 2013 243 2062 Callidus
253 2014 308 2063 huic
318 2016 384 2079 signo
424 2017 508 2064 nobam
518 2015 593 2063 millia
603 2023 712 2063 oentumr

138 2078 226 2127 Hortos
236 2079 383 2144 egregiasque
409 2095 474 2128 omos
484 2080 605 2128 mercarier
614 2095 675 2127 unus

138 2143 201 2192 Cum
211 2143 276 2191 lucro
286 2146 383 2202 nbram3
400 2145 463 2192 unde
473 2144 602 2208 frequentia
612 2144 753 2193 Mercuriale
774 2146 807 2192 ‘25

138 2208 274 2272 Imposuere
284 2209 343 2256 mihi
353 2223 480 2272 cognomen
491 2210 599 2286 compita.
617 2208 722 2265 llNovi:

137 2272 172 2319 Et
182 2273 257 2321 morbi
267 2273 338 2321 miror
347 2281 473 2338 purgatum
483 2282 507 2322 te
517 2274 588 2323 illius.
602 2278 620 2338 1
628 2274 706 2338 Atqui
760 2334 761 2337 Ἴ

138 2336 235 2383 Emovit
244 2346 344 2385 veterem
354 2339 413 2386 rnire
423 2353 513 2395 norus3
530 2348 558 2388 ut
568 2340 634 2397 solet,
645 2339 670 2387 in
680 2353 720 2386 cor

139 2398 248 2460 Treiecto
257 2401 334 2449 lateris
345 2402 423 2449 miseri
433 2402 561 2467 capitisque
571 2404 663 2452 dolore:

139 2461 175 2508 Ut
184 2463 323 2527 lethargicus
333 2465 379 2526 hie,
388 2481 442 2514 oum
453 2465 481 2513 fit
490 2468 566 2531 pugil,
578 2467 727 2517 etmedieum
734 2476 812 2533 urget·
884 2460 885 2515 l

140 2525 161 2580 l
167 2523 233 2572 Dum
244 2541 274 2574 ne
283 2528 341 2591 quid
352 2529 426 2578 simile
433 2528 498 2590 huic,
509 2540 558 2580 esto
565 2533 664 2581 utlibet.
681 2533 733 2596 10
740 2536 812 2591 bone,

237 2601 300 2653 nete
779 2598 809 2645 31
883 2614 884 2629 ¹

883 2572 885 2601 l
