1800 2934
131 91 165 139 64
359 86 451 138 ODAE.
470 88 521 136 111.
541 86 579 135 ll.
677 106 688 112 ·

133 219 208 269 Cessit
217 218 327 266 immanis
336 216 379 266 tibi
388 217 517 266 blandienti

261 282 356 330 Janitor
366 283 426 331 sulse

134 341 263 404 cethema}
281 347 387 411 quemvis
397 347 481 396 firriule
490 354 583 396 eentum

132 410 247 460 Muniant
257 427 344 476 angues
355 420 424 476 ceput
434 413 493 474 ejus,
504 421 574 475 etque

135 476 234 541 Spiritus
244 485 302 525 teter
314 477 434 540 saniesque
443 485 523 526 menet

263 541 312 592 Ore
322 542 434 604 trilingui.

122 629 125 635 ·
134 606 200 665 Quin
212 614 235 656 et
245 607 315 656 Ixion
326 607 456 670 Tityosque
466 606 534 653 vultu

134 671 197 719 Risit
207 672 295 721 invito:
314 672 376 720 stetit
386 685 445 717 urna
455 670 555 735 paulum
680 729 683 732 ἢ

135 735 209 797 Sicos,
220 737 278 784 dum
289 745 354 800 grato
364 734 442 782 Danai
453 735 543 798 puellos

251 801 371 848 -carmine
381 799 477 847 mulces.
635 800 638 805 ’

133 865 225 914 Audin
235 866 303 929 Lyde
313 864 386 912 scelus
397 872 467 928 atque
477 872 543 912 notas

134 930 261 993 virginum
271 944 358 993 poenes,
370 938 393 976 et
403 929 472 977 inane
481 929 585 994 lymphae

134 994 233 1043 Dolium
244 994 318 1042 fundo
328 993 446 1057 pereuntis
457 993 515 1054 imo,

264 1059 366 1122 Senaque
376 1058 432 1118 feta,

135 1125 198 1184 Quae
207 1131 303 1171 manent
314 1123 394 1186 culpes
403 1123 473 1171 etium
484 1125 527 1172 sub
534 1123 613 1173 Oreo:
626 1125 628 1127 ’

135 1188 220 1251 Impiae
229 1189 295 1251 (num
305 1188 362 1252 quid
372 1190 468 1253 potuere
478 1189 555 1251 majus
563 1187 588 1250 i)

136 1252 222 1318 Impioe
232 1267 326 1317 sponsos
337 1256 432 1316 potuere
443 1252 501 1299 duro

265 1317 365 1365 Perdere
374 1318 441 1366 ferro.

134 1383 191 1432 Une
201 1381 231 1430 de
240 1383 331 1442 multis,
342 1382 391 1430 faoe
401 1381 502 1444 nuptiali

135 1447 232 1523 Digne,
265 1446 577 1522 rjurumfuitippurentem

137 1512 234 1578 Splendr
250 1527 263 1559 e
273 1511 383 1570 mendax,
394 1519 418 1558 et
427 1525 453 1557 m
463 1526 533 1559 omne
543 1526 609 1575 virgo

266 1575 359 1624 Nobilis
370 1590 461 1631 aevum3

136 1643 219 1704 Surge,
231 1657 284 1704 quae
298 1639 358 1688 dixit
365 1639 447 1701 juveni
457 1639 549 1701 merito,

136 1707 219 1769 Surge,
230 1720 260 1753 ne
269 1706 353 1768 longus
364 1704 407 1752 tibi
418 1719 523 1766 somnus,
534 1704 597 1754 unde

136 1772 193 1818 Non
204 1770 280 1827 times,
292 1769 376 1826 detur3
394 1783 499 1818 socerum
509 1778 533 1819 et
543 1771 648 1819 welestes

265 1834 334 1882 Folle
342 1848 429 1882 sorores
437 1850 445 1892 3

137 1899 207 1959 Quae,
219 1898 283 1946 velut
293 1906 366 1945 naotae
376 1899 460 1947 vitulos
470 1900 557 1960 leaenae,

135 1963 254 2026 Singulos,
266 1962 339 2010 eheu!
352 1963 467 2010 lacerent:
485 1979 537 2026 ego,
548 1965 595 2014 illis

137 2028 244 2087 Mollior,
256 2041 298 2074 nee
308 2035 331 2074 te
341 2025 430 2084 feriam,
441 2041 519 2091 neque
529 2029 591 2079 intre

268 2090 374 2138 Claustra
385 2092 474 2138 tenebo.

139 2157 183 2206 Me
193 2166 258 2218 pater
269 2156 334 2202 saevis
345 2162 422 2202 oneret
432 2156 527 2216 eatenis,

139 2220 212 2281 Quod
222 2219 272 2268 viro
282 2219 382 2266 clemens
391 2217 476 2266 misero
485 2222 578 2285 peperci
587 2241 594 2270 ι

140 2285 184 2334 Me
195 2285 232 2334 vel
242 2291 355 2331 extremos
366 2282 527 2334 Numidarum
536 2287 563 2334 in
573 2301 640 2352 egros

270 2348 348 2395 Classe
358 2347 450 2409 releget.
535 2370 540 2377 ν

140 2414 163 2469 Ι,
174 2411 244 2476 pedes
255 2426 302 2475 quo
313 2420 335 2459 te
345 2411 439 2474 rspirurt
449 2420 473 2460 et
482 2429 553 2476 sure,

140 2477 208 2524 Dum
219 2476 280 2523 favet
290 2489 338 2522 nox
349 2484 372 2523 et
382 2475 480 2526 Venuss
497 2478 507 2525 i
518 2480 618 2528 secundo

34 2554 37 2567 ¹
141 2539 243 2601 Omine3
256 2547 280 2587 et
290 2539 360 2586 nostri
370 2554 499 2590 memorem
509 2545 615 2609 sepulcro

268 2602 351 2666 Sealpe
361 2605 486 2669 querelam.
