1800 2934
139 70 184 117 112
385 68 503 118 EPODI.
523 70 560 116 ll.

402 333 476 383 Onu
492 333 542 382 xi.

386 462 428 511 Ar
439 434 559 512 Pectiam.

136 593 211 652 Penei,
222 592 282 640 nihil
291 608 339 653 me,
350 592 410 641 scut
420 600 496 652 anta,
506 588 574 655 juvat

84 716 89 722 ι
168 657 271 707 Scribere
281 658 403 708 versiculos
414 672 492 705 amore
503 655 637 721 perculsum
646 658 729 722 graii3

135 723 234 783 Anione,
248 724 290 788 qui
299 730 441 798 me‚1prgetar
451 737 541 780 omnes,
553 722 640 797 erpetit

169 788 285 837 Mollibus
295 789 320 836 in
330 802 409 849 pueris
418 795 461 834 aut
470 786 496 834 in
507 786 591 850 puelbs
601 802 675 836 urere.

136 853 186 902 Hic
195 853 276 902 tertius
287 853 424 910 December,
436 867 466 899 ex
477 867 525 916 quo
533 850 610 899 destiti
794 854 808 900 ὅ

169 919 267 967 Inachii
277 918 360 976 furere,
372 916 434 964 silvis
444 917 557 965 honorem
568 915 662 965 deuitit.

135 981 194 1031 Heu
204 998 243 1030 me
251 983 257 1030 l
276 997 318 1046 per
327 981 418 1030 Urbem
429 984 498 1043 (nam
508 980 581 1044 pudet
590 981 650 1030 tanti
659 982 734 1043 mali)

133 1106 136 1109 Ι
169 1047 261 1096 Fabula
271 1053 359 1111 quanta
368 1046 419 1094 fui!
438 1045 597 1095 conviviorum
607 1055 631 1094 et
639 1047 746 1112 penitet,

135 1112 167 1160 In
179 1111 245 1176 queis
255 1118 373 1159 aulantem
383 1120 407 1160 et
416 1111 515 1175 lsnguoi
524 1119 548 1158 et
557 1110 676 1161 silentium

168 1175 265 1240 Anguis,
276 1184 300 1224 et
308 1176 477 1288 ewangelicus
487 1176 536 1223 imo
547 1170 649 1250 spiritns
780 1178 810 1227 lo

136 1242 253 1291 Contrane
262 1241 355 1289 lucrum
383 1242 388 1252 “
410 1242 486 1289 valere
496 1239 622 1288 candidum

169 1306 283 1370 Pauperis
292 1306 432 1370 ingenium?
448 1307 561 1370 querebar
571 1307 694 1370 apploisns
704 1306 766 1367 tibi;

136 1371 214 1423 Simul
223 1371 318 1420 calentis
328 1371 496 1419 inverecundus
507 1368 574 1418 Deus

168 1436 302 1486 Fervidiora
311 1450 376 1483 mero
386 1449 470 1484 areuna
479 1435 666 1497 pmmbratlocc.

135 1501 208 1563 Quod
219 1501 239 1550 si
249 1501 307 1549 meis
316 1499 425 1548 inestuat
435 1499 567 1576 praecordiis
590 1544 592 1548 .
781 1501 809 1549 15

168 1567 254 1615 Libera
263 1566 326 1626 bilis,
337 1572 365 1612 ut
374 1565 425 1613 bisc
434 1572 526 1627 ingrate
536 1565 611 1613 ventis
621 1563 711 1615 dividat

135 1632 260 1692 Fomenta,
271 1630 357 1680 vulnus
367 1629 402 1677 nil
411 1630 503 1678 malum
512 1630 629 1687 levantia3

168 1696 267 1745 Desinet
277 1694 406 1760 imparibus
417 1703 503 1744 certare
513 1696 635 1743 submotus
644 1693 730 1760 pudor.

136 1761 187 1810 Ubi
197 1761 248 1809 haec
258 1776 358 1820 severus,
369 1770 393 1809 te
402 1761 491 1825 palam,
502 1759 660 1821 laudaveram,
711 1788 713 1791 ·

167 1827 255 1875 Jussus
265 1825 328 1874 abire
338 1825 444 1883 domum,
455 1824 544 1873 ferebar
553 1824 640 1873 incerto
649 1823 709 1888 pede
777 1827 809 1874 20

134 1889 177 1940 Ad
188 1902 235 1937 non
246 1890 332 1938 amicos
344 1889 425 1950 (heul)
435 1888 496 1937 mihi
506 1897 590 1953 postes,
602 1897 625 1937 et
636 1889 720 1948 (herl)
841 1918 843 1923 ·

167 1955 264 2004 Irimina
274 1954 341 2015 dura,
353 1955 439 2019 quibus
449 1955 543 2017 lumbos
553 1962 576 2002 et
586 1953 669 2018 infregi
678 1953 749 2004 latus.

134 2020 217 2080 Nunc,
228 2018 347 2084 gloriantis
374 2020 488 2068 uamlibet
497 2019 658 2067 mulierculam

165 2085 266 2135 Vincere
275 2035 384 2144 mulind,
395 2078 462 2135 amor
472 2083 564 2148 Lycisci
574 2100 613 2132 me
623 2091 701 2142 tenet3

134 2149 206 2201 Unde
216 2149 325 2213 expedire
335 2163 382 2197 uon
392 2149 521 2198 amicorum
532 2158 619 2213 queant
776 2152 808 2198 25

168 2215 254 2264 Libeia
265 2213 368 2274 consilia,
379 2228 422 2262 nec
432 2213 579 2263 contumelia
588 2228 685 2277 graves3

135 2280 182 2331 Sed
192 2280 253 2328 alius
263 2279 331 2328 ardor
340 2287 382 2327 aut
391 2279 477 2342 puellae
487 2277 600 2339 eandida,

167 2345 220 2392 Aut
230 2345 307 2394 teretis
317 2342 391 2409 pueri,
402 2343 498 2408 longam
509 2342 640 2393 renodantis
650 2358 750 2393 comem.
