1800 2934
292 97 440 147 SATIRAE.
459 98 494 147 11.
512 100 535 154 7.
702 99 745 146 181

72 227 133 276 Jam
143 224 246 275 multus
257 225 350 286 Rome,
360 227 410 287 jam
421 227 503 275 mallet
514 225 749 304 [dcctnrliithenis'

19 348 21 351 y
70 290 168 349 Vivere,
177 290 323 350 Vertumnis,
334 300 449 354 quotquot
461 300 524 348 sunt,
536 301 604 340 uatus
614 292 708 356 iniquis.
852 291 854 296 '

72 356 158 403 Scurra
165 355 314 414 Volanerius,
326 364 451 419 postquam
462 356 498 403 illi
506 356 570 417 juste
580 357 690 419 cheragra
718 357 748 404 15

71 419 188 468 Contudit
198 419 315 475 mticilns,
325 419 367 482 qui
377 436 420 483 pro
430 436 455 468 se
465 420 556 467 tolleret
565 430 636 484 atque

72 484 183 532 Mitteret
192 484 218 530 iii
227 483 336 548 phimum
347 484 414 543 talos,
425 484 531 532 mercede
541 483 626 532 diurni

74 548 227 597 Conductum
237 548 317 611 parite
335 557 423 611 quanto
433 548 573 597 constantior
583 548 647 596 idem

20 617 23 630 “
74 614 106 661 In
117 613 190 672 vitiis,
201 621 267 660 tanto
276 612 351 661 levius
361 613 432 661 miser
441 629 469 661 ac
479 613 541 676 prior
552 612 601 672 illo,

74 677 124 736 Qui
134 679 186 739 jam
197 685 311 737 contento,
321 677 372 737 jam
382 679 445 737 laxo,
457 678 513 725 sune
523 678 620 725 laborat.
716 680 749 727 20

73 746 92 804 1
99 744 157 790 Non
166 741 228 789 dices
235 740 312 800 hodic,
321 757 433 804 quorsum
444 742 495 790 haec
500 751 549 789 tam
555 742 638 806 putida
644 741 749 801 tendant,

73 806 199 855 Furcifer?
217 805 325 917 {Adqste
333 806 437 869 inquam.
455 810 471 869 1
482 806 538 866 Quo
546 814 622 869 paeto,
634 807 732 870 pessime
737 810 754 856 i.

178 872 259 926 illisu
545 884 549 887 ⁴

73 935 207 984 Fortunam
217 944 241 983 et
250 950 326 983 mores
335 934 438 999 antique
447 936 535 1000 plebis,
554 946 577 986 ct
587 937 659 998 idem,

73 1000 167 1064 siquis
178 1001 208 1047 ad
218 1000 260 1047 illa
270 998 337 1047 Deus
347 1000 423 1047 subito
434 1009 457 1047 te
468 1010 530 1065 agat,
541 1018 615 1066 usque
625 1017 731 1059 recusem

72 1066 129 1113 Aut
139 1064 197 1129 quia
206 1079 253 1111 non
264 1064 343 1124 sentis,
355 1064 419 1127 quod
429 1064 524 1123 clamaa
535 1066 619 1115 rectius
630 1082 687 1128 ease,
717 1069 750 1116 2⁶

72 1130 129 1178 Aut
140 1129 198 1193 quia
207 1144 254 1177 non
264 1129 347 1176 firmus
357 1137 446 1176 rectum
457 1129 569 1190 defendis,
581 1140 604 1179 et
613 1131 694 1194 hares,

75 1193 249 1257 Nequidquam
260 1208 324 1241 coeno
334 1193 430 1257 cupiens
440 1194 537 1241 evellere
546 1194 660 1258 plantam.

74 1259 163 1307 Romae
174 1273 214 1308 rus
224 1267 305 1323 uptam
322 1259 441 1306 absentem
451 1257 550 1307 rusticus
560 1260 643 1307 urbem

72 1322 341 1371 Tollisadastralevis.
368 1323 421 1371 Sin
465 1323 728 1373 uamesl'ortevccatru

71 1388 117 1436 Ad
128 1401 228 1448 coenam,
239 1387 321 1436 laudas
331 1401 438 1435 securum
473 1402 515 1435 us:
532 1402 567 1447 ac,
576 1388 640 1436 velut
650 1403 751 1452 usquam

72 1453 179 1500 Vinctus
189 1467 235 1512 eas,
247 1452 280 1499 ita
290 1461 313 1499 te
322 1451 414 1500 felicem
424 1451 492 1512 dicia,
502 1466 621 1517 amesque,
717 1453 750 1500 ³1

74 1516 151 1576 Quod
160 1521 279 1580 nusquam
289 1516 332 1564 uti
342 1516 372 1564 sit
381 1516 519 1581 potandum.
541 1518 560 1565 J
560 1518 643 1566 usserit
652 1517 683 1565 ad
693 1531 718 1565 ce

74 1581 198 1629 Maecenas
207 1596 284 1629 serum
296 1582 340 1629 sub
349 1580 440 1629 lumina
450 1582 527 1646 prima
537 1584 615 1630 venire

73 1645 223 1702 Convivam
241 1646 343 1693 Nemcn’
353 1645 432 1695 oleum
442 1646 488 1694 fert
497 1650 586 1710 ocyus?
604 1646 683 1710 ecquis

72 1710 174 1759 Audit?
191 1725 246 1758 cum
256 1724 342 1774 magno
351 1710 451 1759 blateras
462 1713 570 1770 clamore,
580 1711 694 1787 surisque.
718 1711 752 1759 ut

74 1775 182 1823 Milvius
193 1784 216 1822 et
226 1790 318 1833 scurrae,
330 1775 373 1823 tibi
383 1790 431 1823 non
441 1775 559 1823 referenda
568 1784 663 1841 precati,

73 1839 217 1887 Discedunt
240 1840 336 1887 Etenim
346 1839 420 1887 fateor
429 1855 477 1896 me,
488 1840 573 1888 dixerit
582 1841 631 1901 ille,

72 1903 143 1952 Duci
154 1913 234 1952 ventre
243 1904 333 1959 levemt
350 1918 434 1952 nasum
445 1904 526 1953 nidore
536 1906 647 1969 supinum

73 1968 225 2028 Imbecillus,
237 1969 306 2028 iners,
318 1970 338 2017 si
348 1969 406 2032 quid
416 1969 459 2028 vis,
472 1969 539 2031 adde,
550 1971 644 2035 popinc.

75 2034 130 2092 Tu,
142 2048 198 2080 cum
208 2033 239 2080 ais
249 2034 313 2098 quod
321 2048 372 2109 eqo,
385 2034 516 2083 etfcmamis
526 2037 630 2101 nequior,
642 2037 704 2086 ultro
720 2034 755 2086 4⁰.

74 2099 205 2157 Insectere,
217 2098 281 2146 velut
290 2099 389 2146 melior?
406 2100 528 2163 verbisque
538 2100 625 2149 decoris
713 2140 717 2150 ,

74 2162 200 2212 Obvolvas
210 2162 312 2210 vitium?
328 2163 404 2223 Quid,
415 2163 435 2211 si
445 2180 484 2213 me
495 2165 586 2214 stultior
596 2165 655 2229 ipsc,

73 2227 223 2290 Quingentis
233 2237 296 2275 emto
306 2227 431 2289 drachmis,
441 2228 605 2292 deprenderis?
622 2229 700 2278 Aufer

73 2292 124 2339 Mc
135 2290 203 2339 vultu
215 2300 313 2351 terrere3
329 2308 428 2343 manum
437 2294 631 2358 stomachumque
641 2301 729 2355 teneto,
749 2345 757 2354 ,

73 2356 158 2415 Dum,
170 2372 224 2419 quae
234 2356 336 2421 Crispini
346 2356 425 2405 docuit
434 2373 473 2406 me
481 2359 577 2420 janitor,
589 2358 639 2406 edo.
722 2355 755 2404 ct

75 2422 118 2469 Te
129 2421 217 2481 conjux
228 2420 304 2469 aliena
313 2423 384 2485 capit,
395 2423 540 2470 meretricula
550 2422 662 2470 Davum=

73 2486 167 2550 Pectat
176 2494 228 2532 uter
237 2488 343 2534 nostrlrm
353 2502 421 2534 cruce
431 2486 544 2550 dignius?
561 2487 630 2535 Acris
640 2486 684 2535 ubi
694 2500 733 2538 me

74 2550 177 2601 Natura
186 2549 297 2610 incendit,
310 2551 354 2599 sub
365 2552 428 2599 clari
437 2550 502 2599 nuda
511 2551 606 2599 lucernd

77 2614 250 2677 Quncumque
260 2615 351 2680 excepit
360 2615 475 2679 turgentis
484 2617 579 2678 verbera
588 2616 678 2677 caude,
744 2601 746 2606 Α

611 2694 630 2731 n
