1800 2934
288 54 480 107 EPISTOLAE.
498 56 535 105 11.
551 58 575 105 2.
720 56 769 105 229

92 186 167 248 Qute,
177 183 257 251 priscis
266 194 395 234 mensorats
405 185 534 235 Catonibus
544 194 615 251 atque
625 184 745 249 Cethegis,

92 252 168 304 Nune
177 252 236 298 sims
245 249 351 298 informis
360 250 446 315 premit
456 258 479 298 et
490 251 579 299 deserte
588 260 704 299 ventumst
719 250 767 297 llo

93 313 218 365 Adscis'cet
228 330 296 375 nova,
308 330 361 379 qure
370 315 461 380 genitor
470 315 606 378 produxerit
616 331 681 363 usus.

94 382 229 430 Vehemens
239 388 262 428 et
272 379 384 444 liquidus,
395 394 502 444 puroque
512 379 645 427 simillimus
656 379 729 439 omni,

94 445 190 494 Fundet
200 460 262 508 opes,
273 444 417 508 Latiumque
427 444 506 492 beabit
516 444 587 492 divite
596 444 693 507 lingui:
710 443 765 512 ¹121

94 509 253 558 Luxurientin
263 518 407 572 compescen
422 509 493 557 nimis
503 524 584 571 sepem
594 523 651 557 suno

96 574 198 623 Levabit
208 574 272 622 cultu
280 589 288 631 ς
305 572 391 624 virtute
401 573 501 622 orrentia
511 574 588 621 tolletr

95 638 212 687 Ludentis
223 638 321 701 speeiem
332 635 411 696 dnbit3
430 647 454 687 et
463 638 615 703 torquebitur,
627 638 707 703 utqui

96 705 170 752 Nunc
180 704 299 766 Satyrum,
310 713 498 767 nuncugrestem
510 703 612 767 Cyclops
622 717 735 752 movetur.

96 773 113 832 1
123 767 269 816 Praetulerim
279 767 375 830 scriptor
386 768 473 816 delirus
483 768 590 832 inersque
601 767 682 826 videri,
721 768 767 815 126

91 833 164 900 llum
173 848 226 881 mea
235 831 349 881 delectent
358 833 421 880 mule
430 848 478 893 me,
490 833 528 882 vel
538 833 637 897 denique
647 833 739 893 fallunt,

94 898 178 957 Quum
188 912 275 961 sapere,
287 905 310 943 et
321 895 388 958 tingi.
411 897 469 945 Fuit
478 898 542 945 houd
552 897 661 961 ignobilis
668 898 750 961 Argis,

95 962 147 1022 Qui
158 977 182 1010 se
193 960 299 1010 credebat
309 960 380 1008 miros
390 961 471 1008 audire
481 963 602 1025 uegetos,

93 1028 125 1075 Iu
137 1042 210 1075 vacuo
219 1026 287 1074 laetus
297 1039 371 1073 sessor
380 1025 519 1102 plausorque
529 1027 632 1085 theotro;
720 1027 768 1074 lto

96 1092 187 1141 Cetera
197 1091 239 1156 qui
249 1090 303 1139 vite
313 1099 413 1138 servaret
421 1105 503 1138 munia
513 1100 574 1140 recto

95 1158 181 1212 More;
199 1158 276 1204 bonus
287 1170 341 1203 sane
351 1154 448 1216 vicinus,
460 1155 567 1203 amabilis
576 1157 669 1221 hospes,

96 1222 177 1271 Gumis
187 1220 212 1268 in
222 1235 329 1280 uxorem,
341 1228 417 1295 posset
427 1220 470 1283 qui
480 1220 596 1283 ignoscere
605 1223 684 1282 servis,

94 1285 129 1335 Et
140 1286 207 1349 signo
216 1286 271 1333 laeso
281 1299 330 1332 non
339 1284 439 1333 msanire
449 1284 555 1348 lngenae3
580 1309 583 1314 ⁴

55 1351 58 1358 “
92 1352 179 1399 Posset
189 1350 231 1426 qui
240 1365 323 1412 rupem
334 1357 358 1397 et
367 1357 466 1413 puteum
476 1349 549 1404 uitare
558 1358 685 1414 petentem.
720 1351 766 1398 135

94 1415 154 1472 Hie,
165 1417 216 1473 ubr,
228 1423 379 1478 cognatorum
390 1414 473 1478 opibus
484 1414 591 1479 curisque
601 1415 708 1476 refectus,

93 1480 197 1544 Expulit
207 1479 324 1528 helleboro
333 1481 442 1528 morbum
454 1478 571 1545 bilemque
581 1496 681 1541 meram,

93 1544 129 1593 Et
139 1545 199 1593 redit
209 1545 240 1592 sd
250 1559 315 1602 sese;
332 1543 386 1604 Pol,
397 1560 436 1592 me
446 1544 569 1605 occidistis,
581 1545 659 1605 amici,

93 1610 152 1664 Non
163 1608 278 1667 servistis,
289 1608 338 1665 nit3
356 1609 395 1656 cui
405 1609 438 1657 sic
448 1618 538 1657 extorta
547 1611 662 1673 voluptas,

93 1674 129 1722 Et
139 1674 232 1722 demtus
241 1688 283 1735 per
293 1674 342 1720 vim
352 1674 437 1721 mentis
447 1673 591 1736 gratissimus
601 1690 670 1724 error.
721 1674 768 1722 110

94 1744 113 1802 1
122 1739 244 1787 Nimirum
255 1753 334 1801 sapere
345 1746 379 1786 est
389 1738 484 1798 abjectis
494 1739 553 1786 utile
562 1739 641 1803 nugis,

93 1805 129 1853 Et
139 1803 303 1867 tempestivum
313 1801 391 1866 pueris
401 1802 523 1851 obscedere
532 1803 631 1862 ludum3

92 1870 133 1917 Ac
144 1884 191 1917 non
202 1870 272 1917 verbs
282 1866 348 1930 sequi
357 1866 443 1916 fidibus
453 1867 595 1916 modulanda
605 1869 706 1929 Latinis,

94 1934 142 1983 Sed
153 1949 212 1983 verae
222 1946 377 1995 numerosque
387 1931 515 1997 modomue
525 1932 622 1982 edisoere
633 1935 693 1983 vitm.

94 1998 211 2058 Quociroe
221 2011 314 2046 meeum
323 1996 406 2060 loquor
416 1996 475 2056 haeo,
486 1998 614 2063 tacitusque
623 1999 744 2057 recordorg

94 2064 121 2113 Si
131 2063 175 2112 tibi
184 2062 251 2111 nulls
261 2061 325 2110 sitim
335 2060 412 2109 finiret
421 2061 489 2126 copis
498 2062 610 2177 lympm

564 2064 611 2123 hoe,

311 2191 318 2203 ,
403 2192 410 2202 ,
511 2192 517 2204 ,
622 2130 719 2192 partem

96 2193 176 2242 Tanto
186 2191 254 2256 plura
265 2207 340 2256 cupis,
351 2192 441 2240 nulline
451 2192 543 2241 faterier
553 2192 642 2242 audes?

95 2259 123 2307 Si
133 2258 219 2305 vulnus
229 2255 272 2304 tibi
282 2256 411 2304 monstrati
421 2257 498 2306 radice
507 2256 544 2306 vel
555 2257 627 2305 berbi

95 2323 153 2371 Non
164 2320 328 2378 fieretlerius3
343 2320 445 2384 firgeres,
456 2321 532 2370 radice
542 2322 580 2371 vel
589 2322 662 2372 berbi
721 2324 770 2374 lto

96 2386 235 2436 Proficiente
245 2385 313 2445 nihil,
325 2385 442 2434 mrarierl
463 2384 590 2446 Audiense,
601 2387 640 2435 cui

93 2452 158 2500 Rem
168 2450 204 2498 Di
214 2449 332 2511 douirint,
342 2450 379 2498 illi
388 2449 497 2500 decedere
507 2466 603 2516 pravum

93 2516 239 2572 stultitiam
257 2527 288 2576 et,
300 2531 355 2565 eum
365 2516 397 2563 sis
406 2515 480 2565 nihsso
490 2515 622 2581 sapientior,
632 2533 722 2581 exquo

94 2582 242 2639 Plenior‘es3
257 2589 337 2631 tamen
347 2579 419 2630 uteris
428 2581 582 2631 monitoribus
592 2581 685 2642 isdem?

604 2660 622 2694 x

95 2129 211 2177 Nnrrares
221 2126 324 2175 medicis.
349 2126 430 2186 Quod,
442 2136 557 2193 quentop
