1800 2934
156 98 202 145 146
372 82 519 142 snorum.
537 86 565 140 1:
576 86 600 148 7.

154 214 242 274 Pocula
252 236 306 272 um
316 222 399 286 cyeno
409 221 457 270 ouo
466 222 578 279 sussum
590 220 666 269 anet
676 213 760 269 ahino
777 212 820 276 11¹1

152 290 214 339 Villo
224 303 278 337 eum
287 287 368 350 poteri
377 294 468 350 gustus,
480 285 601 350 campana
612 286 727 348 supellex.

152 353 244 402 Deinde
253 367 281 400 eo
290 351 426 411 dormitum,
438 364 486 399 non
496 351 614 409 sollicitus,
629 351 689 398 mihi
699 350 766 414 quod
776 358 822 399 oros

152 417 300 480 Surgendum
311 416 340 464 sis
349 431 433 472 mene3
450 416 570 464 obeundus
581 416 686 478 Marsya,
698 416 741 478 qui
752 431 778 464 se

150 483 254 532 Vultum
264 482 322 529 ferre
333 489 403 544 negat
413 480 543 528 Noviorum
553 495 620 543 posse
629 479 734 529 minoris.
777 480 820 528 121

151 547 193 595 Ao
204 554 310 611 quartem
319 547 397 608 jaoeo;
412 554 466 607 pust
475 545 534 592 hone
545 560 627 606 uagom
645 552 687 592 out
696 560 741 606 ego
753 546 820 605 (lecto

150 615 204 660 Aut
213 612 305 676 scripto,
317 611 380 674 quod
389 614 428 657 me
436 610 534 657 socinum
542 607 619 670 Juvet)
632 624 708 671 ungor
719 609 788 670 olivo,

152 677 208 724 Nou
220 692 267 740 quo
276 674 388 723 fraudatis
398 674 534 722 immundus
545 675 625 722 Nason
633 672 742 722 lucernis.

150 743 205 801 Ast,
217 741 259 788 ubi
268 755 307 787 me
316 739 403 787 fessum
414 737 447 785 sol
458 738 530 786 serior
540 738 574 786 ire
583 738 687 785 lovotum
774 739 817 786 125

46 838 48 842 »
150 805 292 864 Admonuit,
303 803 368 866 fugio
380 803 498 864 Campum
508 803 632 866 lusumque
642 803 766 864 tn'gouem.

150 869 261 928 Pronum,
273 883 319 916 non
330 867 404 927 avide,
417 876 531 930 quantum
542 867 671 929 interpellet
681 867 748 914 inani

150 934 239 982 Ventre
248 931 310 980 diem
320 931 411 989 durare,
422 931 561 989 domesticus
571 932 636 978 otior.
652 931 713 978 Haeo
722 939 757 980 est

148 992 208 1047 vm
218 997 346 1045 solutorum
356 995 441 1044 miseri
451 997 577 1044 ambitione
586 996 713 1058 graviquee

91 1093 93 1098 -
150 1062 197 1110 His
206 1077 245 1109 me
253 1060 366 1120 consolor,
377 1060 493 1108 vietumm
504 1061 605 1119 suavius,
617 1060 674 1109 acsi
774 1061 817 1108 loo

150 1125 333 1187 Quaesturam,
345 1133 410 1190 peter
420 1133 571 1189 etquemeus,
583 1134 726 1189 patruusque
733 1126 817 1175 fussee

379 1320 510 1370 SATIRA
526 1321 589 1369 Vll.

148 1449 275 1512 Ptosoripn'
285 1449 358 1512 Regis
368 1449 453 1514 Rupili
463 1467 508 1513 pus
518 1458 588 1514 atque
597 1465 714 1499 venenum

149 1514 229 1564 Ibridu
239 1530 286 1578 quo
296 1522 362 1577 puoto
373 1515 403 1562 sit
414 1515 507 1562 Persius
518 1516 590 1574 ultus,
601 1516 683 1579 opinor

148 1579 266 1628 Omnibus
276 1586 299 1626 et
308 1578 377 1642 lippis
388 1588 471 1627 notum
481 1586 505 1626 et
514 1580 644 1627 tonsoribus
655 1596 712 1629 osse.

148 1642 242 1692 Persius
252 1644 290 1692 hie
300 1658 426 1705 permagno
436 1644 528 1706 negotio
538 1643 602 1691 dives
613 1644 716 1692 habebat

147 1707 300 1769 Clazomenis,
312 1708 381 1756 etiem
391 1708 443 1756 lites
454 1723 508 1755 oum
520 1709 586 1771 Rege
596 1709 719 1768 molestos3
803 1713 819 1758 ⁵

147 1770 229 1819 Durus
238 1773 317 1833 homo,
330 1781 400 1837 utque
410 1772 463 1821 odio
473 1773 514 1837 qui
524 1781 601 1836 posset
611 1773 701 1822 vincere
712 1776 819 1839 Regem3

146 1835 279 1897 confidens,
292 1837 457 1902 tumidusque;
474 1837 531 1884 odeo
542 1838 653 1885 sennonis
665 1840 749 1900 amari,

146 1898 262 1960 Sisennae,
274 1903 368 1961 Barros,
380 1911 408 1949 ut
418 1903 484 1966 equis
494 1911 641 1965 precurreret
651 1902 718 1951 olbis.

144 1964 187 2013 Au
197 1965 288 2027 Regem
298 1966 380 2015 redeo:
398 1976 522 2030 postquam
533 1965 592 2013 nihil
602 1966 662 2014 iuter
671 1977 802 2033 utrumqne

146 2030 274 2090 Convenit3
286 2031 345 2095 (hoo
351 2031 435 2078 etenim
444 2039 499 2079 suut
506 2046 591 2089 omnes·
595 2032 648 2092 jure
656 2032 758 2092 molesti,
789 2036 819 2081 1⁰

144 2094 289 2156 Quofortes,
301 2096 385 2161 quibus
396 2095 518 2144 adversum
528 2096 617 2143 bellum
628 2096 716 2144 incidit.
743 2100 810 2146 Inter

145 2159 247 2207 Heotoro
257 2159 398 2218 Priamiden,
410 2161 541 2208 animosum
550 2169 620 2224 etque
626 2160 686 2208 inter
696 2160 817 2212 Achillem

144 2224 185 2272 Iris
194 2223 241 2272 fuit
251 2224 362 2288 ospitalis,
374 2233 401 2271 ut
411 2225 495 2272 ultimo
506 2224 617 2272 divideret
626 2240 705 2284 mors3

143 2288 201 2336 Nou
211 2289 281 2336 elium
291 2290 321 2337 ob
332 2304 433 2346 causam,
445 2289 490 2337 nisi
500 2289 564 2364 quod
575 2290 647 2336 virtus
657 2291 681 2337 in
693 2298 795 2356 unoque

143 2352 242 2400 Summa
251 2354 304 2401 fuis
322 2353 378 2401 Duo
389 2354 408 2401 si
418 2353 530 2402 discordia
541 2363 608 2402 vexet
618 2354 719 2415 inertes3
783 2358 816 2404 15

142 2414 194 2463 Aut
205 2417 225 2464 si
235 2417 364 2481 disparibus
375 2418 465 2466 bellum
475 2417 570 2478 incidet,
582 2429 609 2467 ut
620 2419 732 2468 Diomedi

142 2477 204 2526 (lum
214 2479 289 2542 Lycio
300 2483 404 2537 Gleuoos
423 2481 524 2530 discedet
533 2484 629 2547 pigrior,
641 2485 704 2532 ultro

142 2538 281 2592 Muneribus
291 2546 375 2605 missis)
386 2545 462 2594 Bruto
472 2555 569 2610 ptaetore
580 2557 673 2599 tenente

140 2601 221 2654 Ditem
231 2608 324 2669 Asiam,
335 2609 419 2673 Rupili
430 2618 452 2658 et
463 2611 530 2660 Persi
540 2627 584 2675 por
593 2623 693 2677 pugnat,
704 2616 742 2663 uti
754 2629 802 2663 non
