1800 2934
145 64 180 112 60
380 65 473 114 ODAE.
491 66 542 115 111.
561 67 585 121 7.

407 330 481 381 ODE
496 331 559 381 v11.

394 462 437 510 Ad
447 462 567 509 Asterien.
672 494 676 503 ,

149 583 215 642 Quid
225 585 276 647 fles,
287 585 390 646 Asterie,
402 599 473 649 quem
484 583 527 632 tibi
537 582 630 631 nandidi

149 649 230 699 Primo
240 652 363 699 restituant
372 665 425 698 vera
435 648 543 709 Favonii,

185 716 272 780 Thyni
282 732 357 764 merra
366 717 471 772 beatum,

214 781 347 829 Constantis
356 781 467 841 juvenem
477 778 524 826 fide

149 847 253 911 Gygen?
271 842 634 903 Hla'NotisaotuaadOricum
803 847 820 890 5

148 913 207 962 Post
219 911 301 958 insana
312 909 394 973 Capra
403 908 486 969 sidera,
497 907 594 971 frigidas

181 976 268 1024 Noctes
278 989 325 1022 non
336 975 385 1022 sine
395 974 477 1021 multis

214 1039 332 1087 lnsomnis
342 1039 450 1102 lacrymis
460 1038 516 1102 agit.

149 1104 228 1168 Atqui
238 1103 342 1152 sollicita
352 1103 448 1153 nuntius
457 1102 565 1165 hospita,

150 1169 273 1231 suspirare
283 1168 381 1229 Chlobn
392 1167 593 1217 etmiseramtuis
790 1169 821 1218 10

183 1234 271 1286 Dicens
280 1233 373 1298 ignibus
383 1234 429 1292 uri,

217 1299 306 1346 Tentat
315 1298 381 1348 mille
390 1297 454 1347 vafer
464 1296 554 1345 modist

151 1365 188 1414 Ut
197 1364 303 1411 Proetum
312 1363 397 1411 mulier
406 1362 494 1426 perfida
504 1362 626 1409 credulum

151 1428 228 1479 Falsis
238 1427 358 1492 impulerit
368 1426 512 1486 criminibus,
523 1426 594 1475 nimis

186 1494 257 1543 Casto
266 1491 440 1554 Bellerophonti
516 1529 521 1539 .
554 1511 557 1518 ·
792 1493 823 1539 15

218 1558 340 1606 Maturare
349 1572 438 1615 necem,
448 1556 526 1606 refert.
632 1586 634 1591 ·

153 1625 241 1674 Narrat
250 1637 317 1687 pane
327 1622 409 1670 datum
420 1621 492 1669 Pelas
502 1621 610 1685 Tartaro,

156 1689 306 1750 Magnessam
319 1686 466 1751 Hippolyten
476 1686 534 1734 dum
543 1687 606 1752 fugit
616 1686 734 1736 abstinens
739 1704 749 1745 ;

185 1753 220 1801 Et
229 1767 323 1814 peccaro
332 1751 439 1800 dotentas

218 1817 303 1865 Fallax
312 1816 418 1867 historias
427 1825 516 1877 monet,
792 1816 826 1862 20

153 1882 265 1931 Frustrar
283 1895 348 1940 nam,
360 1884 461 1957 scopulis
470 1882 561 1930 surdior
571 1882 641 1943 Icari,

156 1947 231 1996 Voces
241 1945 307 1993 audit
317 1946 394 1994 adhuc
403 1956 499 2010 integer.
526 1948 572 2009 At,
583 1947 627 1996 tibi

188 2012 228 2060 Na
238 2010 327 2059 uolnus
336 2011 445 2075 Enipeus

221 2076 280 2124 Plus
287 2076 353 2137 justo
361 2076 460 2151 planant,
471 2091 541 2134 cavet
747 2114 749 2119 .

156 2140 273 2203 Quamvis
283 2155 330 2190 non
340 2141 400 2189 abus
410 2142 500 2190 flectam
510 2157 598 2206 equum
608 2143 681 2192 adens
795 2143 828 2188 25

156 2209 237 2272 AEque
246 2205 385 2270 oonspioitur
394 2207 499 2270 gramine
508 2207 606 2268 Martio,

190 2273 243 2322 Noc
253 2286 270 2335 q
287 2270 293 2281 ’
322 2286 379 2318 uam
388 2271 448 2320 citus
458 2287 524 2336 aeque

222 2336 302 2384 Tusco
329 2344 407 2384 enatat
416 2336 489 2385 alvan.

158 2400 241 2450 Primi
250 2408 318 2449 nocta
327 2400 425 2448 domum
435 2400 532 2459 olande3
550 2417 627 2467 neque
637 2402 661 2451 in
673 2403 722 2453 vias

157 2467 208 2516 Sub
219 2472 290 2514 oanni
300 2465 403 2530 querula
412 2465 504 2530 despioe
515 2466 593 2527 tibia3
797 2471 832 2518 ³0

191 2531 234 2589 Et,
245 2538 269 2577 ta
278 2545 339 2594 sapa
349 2529 441 2578 voomti

225 2594 327 2654 Duram,
338 2593 437 2645 difficilis
447 2609 523 2643 mane.
