1800 2934
139 16 197 104 ιιι
361 52 511 103 sermm.
528 54 550 101 1.
567 55 592 101 u

137 185 215 246 (Nam
224 184 271 232 suit
280 183 325 233 hoe
333 182 447 241 vitiosum
464 183 490 230 in
499 182 558 231 hori
566 196 628 246 sepe
638 180 759 244 daemona,

136 249 173 298 Ut
182 263 305 312 magnum,
317 263 395 296 versus
405 246 508 296 dictabat
518 256 581 295 stans
591 246 651 310 pede
661 247 686 295 in
697 261 761 296 unos
778 247 808 295 to

137 312 201 361 Cum
211 314 292 361 flueret
301 312 439 373 lutulmma,
450 321 499 361 erat
509 311 572 376 quod
582 311 663 360 tollere
672 310 755 373 velles)

137 378 261 437 Garrulus,
272 386 342 443 atque
351 377 418 442 piger
428 377 541 426 scribendi
550 377 609 424 ferre
618 376 738 433 laborem3

137 442 258 491 Scribendi
267 452 340 491 reete:
358 457 423 502 nam,
432 451 460 490 nt
468 442 580 501 multum,
592 440 628 488 nil
637 456 722 489 moror.
738 441 808 502 Eece,

137 507 258 572 Crispinus
268 507 367 554 minimo
377 522 416 555 me
425 514 542 571 provocat.
559 507 584 568 ἹῘ
592 506 689 569 Accipe,
701 505 722 553 si
732 505 776 567 vis,

122 613 126 623 .
136 571 260 636 Accipiam
271 572 377 629 tebulas3
395 571 463 619 detur
473 572 540 619 nobis
550 571 623 630 locus,
635 569 701 631 hora,
779 569 809 616 lc

138 636 269 696 Custodem
285 637 415 697 videamus,
427 644 479 683 uter
488 635 544 699 plus
554 634 653 684 seribere
662 634 744 698 possit.

137 702 161 763 ff]
169 701 204 749 Di
214 704 272 750 bene
282 702 393 760 fecemnt,
404 699 480 764 inopis
489 715 529 748 me
538 700 648 764 quodque
657 699 738 763 pusilli

136 765 268 815 Finxernnt
277 766 358 824 animi,
369 780 420 813 raro
431 773 455 812 et
464 779 581 829 perpauca
589 764 721 828 loquentis:
810 780 816 797 ³

135 832 172 878 At
183 840 209 879 tu
220 832 337 880 conclusas
346 828 441 877 hircinis
450 829 547 878 follibus
558 844 635 890 auras,

135 895 219 961 Usque
228 895 358 945 laborantes
368 894 426 942 dum
436 893 525 942 ferrum
535 893 626 943 molliat
635 893 705 958 ignis,
777 895 810 942 2⁰

135 960 171 1008 Ut
181 960 265 1019 mavis,
275 959 373 1008 imitare
401 959 491 1007 Beams
501 958 615 1019 Fannius,
626 959 688 1008 ultro

135 1023 227 1073 Delatis
237 1024 311 1087 capsis
321 1032 345 1072 et
354 1024 472 1088 imagine3
489 1040 544 1072 cum
554 1039 608 1071 mea
617 1037 687 1072 nemo

135 1089 226 1153 Scripta
235 1089 306 1152 legat,
318 1088 390 1152 vulgo
400 1088 495 1137 recitare
505 1088 616 1150 timentis,
627 1090 657 1137 ob
667 1089 730 1139 hanc
739 1104 798 1150 rem,

137 1152 210 1213 Quod
222 1163 285 1212 sunt,
302 1169 361 1220 quos
371 1168 445 1218 genus
461 1153 506 1203 hoc
522 1153 620 1201 minime
635 1154 712 1217 juvat,
730 1163 811 1220 utpote

259 1234 312 1268 ures

64 1286 67 1289 '
136 1218 333 1347 Crdparipriignoa
361 1283 476 1343 Quemvis
485 1282 564 1332 metit
574 1283 634 1349 elige
643 1285 728 1346 turbi5
778 1285 810 1331 25

135 1349 189 1396 Aut
200 1349 369 1409 chararicum,
381 1358 422 1397 aut
432 1348 517 1397 miseri
526 1348 653 1398 ambitione
661 1349 760 1398 laborat

135 1412 184 1461 Hic
194 1422 321 1477 nuptarum
330 1413 416 1461 insanit
426 1413 552 1473 amoribus,
564 1412 603 1462 hic
612 1429 755 1478 puerorum

136 1476 210 1527 Hunc
220 1478 282 1542 capit
292 1477 382 1542 argenti
392 1478 515 1542 splendor;
532 1487 612 1542 smpet
621 1479 709 1527 Albius
720 1494 782 1537 are3

135 1541 184 1590 Hie
194 1552 270 1591 mutat
280 1558 366 1592 merces
376 1551 485 1606 surgente
494 1558 510 1591 a
519 1543 576 1603 sole,
588 1543 618 1591 ad
628 1559 682 1591 eum
693 1559 743 1607 quo

136 1605 435 1683 Venefiutenetresios
454 1606 750 1683 smnemhnreoers
777 1609 810 1656 3⁰

135 1670 229 1732 Fertur,
240 1683 277 1721 uu
286 1673 363 1737 pulvis
373 1671 482 1721 collectus
493 1674 594 1733 turbine,
604 1688 635 1721 ne
645 1672 704 1736 quid

135 1736 236 1785 somma
246 1737 363 1802 deperdat,
374 1745 489 1798 metuens,
500 1745 542 1785 aut
551 1738 648 1800 ampliet
658 1746 686 1785 ut
695 1753 755 1788 rem.

135 1799 226 1849 Omnes
235 1801 262 1849 hi
272 1810 381 1850 metuunt
391 1817 478 1861 versus,
489 1801 559 1850 odere
568 1808 654 1866 poetas

134 1865 160 1928 fff
167 1864 267 1941 Foenuru
282 1867 353 1915 habet
368 1866 394 1914 in
404 1881 492 1923 cornus
509 1866 579 1929 longe
593 1867 664 1931 fuge:
681 1866 812 1916 dummodo

232 1946 306 1978 nsum

134 1994 247 2043 Excutiat
257 1994 309 2056 sibi,
321 2011 369 2044 non
378 1995 417 2045 hic
427 1995 481 2060 cuiq
633 1995 725 2045 amicos
777 1997 810 2045 35

134 2059 177 2120 Et,
189 2060 352 2135 quodcumque
362 2061 434 2109 semel
444 2060 528 2109 chartis
538 2004 644 2120 ὥς
655 2076 738 2109 omnes

132 2125 249 2174 (desueta
259 2124 329 2172 furno
338 2125 460 2175 redeuntes
470 2126 528 2174 scire
537 2125 643 2190 lacuque,

134 2189 169 2238 Et
179 2204 262 2255 pueros
269 2198 292 2237 et
301 2202 366 2239 anus.
380 2190 404 2251 ff]
412 2188 531 2253 Agedum,
542 2205 618 2252 pauca
627 2189 705 2253 accipe
715 2199 809 2240 comm

134 2254 300 2317 Primum,ego
307 2270 347 2303 me
354 2253 808 2319 illorummederimquibuseuepottas,

94 2369 98 2382 Ι
134 2317 267 2392 Excerpam
278 2332 390 2367 numeros
407 2318 558 2382 nequeenim
568 2318 704 2366 concludere
714 2334 810 2368 versum

134 2379 229 2429 Dixeris
237 2396 285 2429 esse
293 2382 361 2440 satim
374 2397 458 2446 neque,
467 2380 547 2446 siquis
555 2382 647 2440 scribat,
656 2383 692 2431 uti
702 2398 755 2446 nos,
776 2383 807 2431 41

134 2442 241 2505 Sennoni
250 2446 365 2509 propiora,
375 2455 443 2509 putee
454 2446 517 2494 hunc
528 2462 575 2494 esse
585 2448 687 2509 poetam.
715 2492 720 2505 ,

134 2504 261 2565 Ingenium
272 2508 310 2556 cui
319 2510 357 2570 sit,
368 2509 406 2558 cui
417 2524 483 2558 mens
493 2509 601 2571 divinior,
612 2519 683 2574 atque
693 2526 720 2559 os

135 2567 226 2630 Magna
235 2580 379 2635 sumturum,
390 2572 431 2623 des
441 2573 624 2637 nominisvhujus
632 2575 754 2629 honorem.
