1800 2934
127 37 161 85 88
364 35 518 113 0DAE41v.
536 36 560 83 t.

401 297 474 350 ODE
490 300 536 348 IV.

129 432 232 491 Qualem
242 431 376 480 ministrum
386 429 493 478 fulminis
503 429 582 477 alitem

132 497 191 560 (Cui
201 512 243 545 rex
254 497 360 545 Deorum
371 510 469 560 regnum
480 495 505 542 in
516 510 570 542 aves
579 508 651 558 vagas

162 561 280 620 Permisit,
291 570 400 626 expertus
411 560 505 609 fidelem

194 626 290 691 Jupiter
299 627 325 674 in
336 625 473 689 Ganymede
483 622 555 685 flavo)

130 690 198 740 Olim
206 692 314 752 juventas
325 700 348 739 et
357 690 446 752 patrius
457 690 523 752 vigor

130 755 196 803 Nido
206 755 313 804 laborum
323 754 426 818 propulit
436 753 543 812 inscium,

162 820 290 885 Vernique,
300 822 350 881 jam
360 819 447 867 nimbis
457 819 560 878 rannus,

196 885 306 933 Insolitos
317 884 415 933 docuere
424 884 491 931 nisus

129 950 203 999 Venti
213 958 351 1025 paventemr
369 962 426 996 mox
435 948 462 995 in
472 948 542 997 ovilis

130 1014 232 1063 Demisrt
242 1013 332 1062 hostem
343 1013 433 1062 vividus
443 1014 560 1078 impetus3

164 1078 236 1126 Nunc
244 1079 270 1124 in
280 1079 417 1127 reluctantes
426 1078 537 1127 dracones

54 1196 58 1207 x
194 1142 252 1206 Egit
262 1159 328 1192 amor
337 1143 404 1207 dapis
414 1151 485 1207 atque
494 1156 594 1208 pugnas

130 1206 261 1268 Qualemve
270 1207 330 1256 lsetis
340 1224 421 1272 oaprea
430 1209 522 1271 pascuis

131 1273 234 1331 Intents,
246 1272 317 1321 fulva
327 1274 407 1321 matris
418 1275 448 1321 ab
459 1274 530 1320 ubero

162 1337 181 1386 J
182 1353 221 1384 am
231 1337 290 1386 lecte
299 1338 424 1400 depulsum
433 1337 533 1394 leonem,

196 1402 274 1450 Dente
285 1417 345 1451 noro
355 1402 465 1466 perintra,
476 1401 547 1449 vidit:

131 1467 219 1517 tudere
231 1467 310 1515 Rhaeti
320 1467 382 1515 bella
392 1469 435 1514 sub
445 1466 550 1542 Alpibus

130 1530 238 1581 Drusum
248 1540 365 1596 guennm
372 1531 490 1580 Vindelici
497 1548 504 1589 ;
516 1531 608 1594 >quibus

163 1597 221 1646 Mos
231 1596 294 1645 unde
304 1596 416 1644 deductus
478 1611 547 1644 omne

197 1661 303 1726 Tempus
313 1662 406 1710 Amano
423 1661 430 1672 '
456 1660 530 1709 securi
591 1684 597 1691 ·

131 1724 234 1774 Dextrae
244 1728 357 1787 obarmet,
368 1742 470 1790 quaerere
480 1726 561 1773 distali

129 1791 195 1854 (Nec
205 1789 261 1839 seire
270 1791 306 1840 fas
316 1800 351 1839 est
361 1790 464 1854 omnia):
483 1791 531 1854 sed,
542 1791 583 1838 diu

163 1855 269 1918 laeteque
279 1856 390 1916 victrices,
401 1865 507 1916 ostense,

197 1918 305 1968 Consiliis
313 1921 406 1982 juvenis
418 1922 517 1980 revicta,
576 1970 581 1975 ,

131 1984 236 2044 Sensere,
248 1983 305 2048 quid
315 1999 381 2033 mens
391 1986 443 2044 rite,
455 1986 513 2050 quill
521 1985 611 2034 indoles

131 2049 229 2098 Nutrita
239 2048 320 2097 faustis
329 2052 374 2097 sub
385 2051 541 2113 penetralibus

164 2115 253 2174 Posset,
265 2113 323 2178 quid
333 2115 438 2178 Augusti
448 2124 558 2178 patemus

197 2179 228 2227 In
238 2193 323 2243 pueros
332 2179 425 2229 animus
435 2180 549 2229 Nerones.

131 2245 212 2293 Fortes
223 2252 328 2292 oreantur
337 2243 435 2293 fortibus
445 2253 469 2294 et
479 2245 559 2293 bonisr

131 2309 176 2357 Est
186 2309 210 2355 in
219 2308 332 2369 juvencis,
344 2317 379 2356 est
388 2309 413 2357 in
424 2309 498 2373 equis,
509 2318 604 2373 patrum

164 2372 261 2428 Virtus3
279 2387 322 2421 nec
331 2372 451 2422 imbellem
461 2374 547 2422 feroces

198 2435 356 2498 Progenerant
366 2438 450 2501 aquila
461 2439 608 2487 oolumbamr

133 2494 246 2546 Doctrina
256 2500 296 2548 sed
307 2500 355 2549 vim
366 2513 486 2564 promovet
496 2503 599 2563 insitam,

136 2562 249 2625 Restique
259 2565 335 2612 cultros
345 2573 436 2627 pectora
446 2568 568 2616 roborant:
