1800 2934
235 114 385 165 CARMEN
402 116 603 168 SAEOULARE.
694 118 756 166 '123

84 248 181 313 Quique
191 263 232 296 vos
243 249 320 296 bubus
330 257 450 299 veneratur
460 248 528 309 albis,

84 314 167 362 Clarus
177 313 289 361 Anchise
298 314 443 378 Venerisque
454 313 557 376 sanguis,
724 315 757 361 50

84 379 196 442 Imperet,
207 378 308 427 bellante
318 379 389 441 prior,
398 379 515 439 jacentem

212 443 285 491 Lenis
294 443 320 491 in
329 444 427 491 hostem.

82 512 137 560 Jom
147 510 208 560 meri
218 511 324 576 ternique
333 526 418 560 manus
427 518 532 575 potentes

84 576 172 626 Medus
182 577 336 641 Albanasque
347 576 414 625 timet
424 590 530 624 secures:

84 642 140 691 Jam
151 643 245 706 Scythae
255 657 363 706 response
372 649 464 706 petunt,
475 640 570 706 superbi

215 708 307 769 Nuper,
320 716 343 755 et
354 706 416 755 Indi.

86 772 143 819 Jam
154 771 233 832 Fides,
245 781 269 820 et
278 772 340 834 Pax,
352 781 376 820 et
386 772 479 833 Honos,
491 770 618 835 Pudorque

85 837 189 898 Priscus,
201 847 225 885 et
235 836 339 900 neglecta
349 837 423 885 redire
432 837 517 887 Virtus

84 901 181 961 Audet3
200 910 341 965 apparetque
351 903 420 950 beate
429 903 499 966 pleno

214 966 289 1030 Copia
299 982 379 1015 cornu.

184 1074 278 1122 Chorus
289 1075 434 1122 Puerorum.

84 1161 171 1224 Augur
183 1171 206 1210 et
215 1161 320 1225 fulgente
330 1162 425 1210 decorus
435 1177 491 1210 arcu

84 1227 197 1285 Phoebus,
208 1236 363 1290 acceptusque
373 1242 458 1275 novem
470 1226 597 1289 Camenis,

85 1291 135 1351 Qui
146 1291 243 1339 salutari
253 1292 315 1340 levat
326 1299 374 1340 erte
384 1292 455 1342 fessos

214 1355 323 1419 Corporis
333 1367 406 1417 artus,

84 1420 110 1469 Si
120 1420 242 1468 Palatinas
252 1420 315 1469 videt
325 1437 406 1486 aequus
418 1420 481 1483 [erue
487 1424 510 1487 ς]

85 1487 195 1550 Renmue
205 1486 349 1547 Romanam,
361 1486 505 1553 Irutiumque
515 1487 581 1549 felix,

86 1550 197 1598 Alterum
208 1550 234 1597 in
243 1550 353 1611 lustrum,
364 1552 495 1618 meliusque
504 1569 603 1618 semper,

216 1615 328 1679 Proroget
338 1632 430 1673 evum„

183 1718 277 1766 Chorus
288 1720 439 1767 Puellarum.

83 1807 194 1870 Quaeque
204 1807 352 1859 Auentinum
362 1816 426 1857 tenet
435 1786 608 1875 Algidumque,

84 1870 228 1931 Quindecim
238 1872 318 1921 Dione
328 1888 405 1937 preces
415 1874 519 1923 viromm

31 1947 34 1957 ·
85 1937 167 1998 Curet,
179 1945 203 1984 et
213 1936 272 1986 votis
281 1953 407 2012 puerorum
418 1938 504 1988 amicus

216 2001 330 2066 Apphcet
340 2018 414 2052 eures.

187 2108 291 2170 Uterque
304 2109 404 2159 Chorus.

86 2196 145 2245 Haec
155 2197 243 2245 Jovem
252 2199 345 2259 sentire,
356 2199 382 2247 D
454 2209 579 2262 ecnnuos,
685 2243 688 2248 .

86 2261 158 2324 Spem
169 2263 256 2310 bouem
269 2272 403 2329 certamque
443 2281 512 2313 mum
523 2274 623 2330 reporto,

87 2324 178 2375 Doctus
189 2336 213 2374 et
225 2327 308 2376 Phoebi
318 2329 403 2378 chorus
414 2340 437 2379 et
447 2329 532 2379 Dieuc

215 2391 300 2443 Dicere
309 2393 399 2446 laudes.
