1800 2934
229 342 272 416 Q.
295 298 502 406 HORATil
524 334 694 402 runem

309 491 473 554 sponsus
493 467 621 549 mnan

132 659 796 686 .......-.--—-----··

407 782 480 833 ODE
498 783 521 831 Ι.

357 912 399 961 Ac
412 915 573 962 Mccemtcm.
642 918 646 925 '

130 1045 180 1095 Ibis
190 1042 301 1094 Liburnis
310 1043 371 1091 inter
380 1042 428 1091 ulta
437 1041 542 1102 navium,

162 1108 256 1168 Amice,
267 1108 450 1172 propugnacula,

131 1177 230 1223 Paratus
240 1187 310 1220 omne
320 1173 418 1221 Caesaris
428 1172 557 1235 periurlum

163 1237 254 1299 Subire,
267 1238 393 1297 Maecenas,
404 1247 453 1285 tuo.

132 1301 199 1363 Quid
210 1318 261 1362 ncs,
273 1303 358 1367 quibus
369 1311 392 1350 te
402 1302 450 1350 vita
461 1301 480 1349 si
490 1297 610 1363 superstite

162 1366 289 1424 Jucunda3
307 1368 328 1415 si
338 1375 426 1426 contra,
437 1365 533 1430 gravis?

132 1433 251 1481 Utrumne
259 1432 318 1494 jussi
328 1445 493 1494 persequemur
503 1428 586 1488 otium,

165 1498 222 1545 Non
232 1497 308 1556 dulce,
319 1496 344 1543 ni
355 1504 432 1543 tecum
442 1495 533 1542 simul?

132 1562 174 1610 An
185 1562 248 1610 hunc
257 1562 360 1609 laborem
370 1567 448 1607 mente
458 1558 537 1616 laturi,
546 1557 610 1604 (lecet

165 1625 222 1685 Quis
232 1626 291 1675 ferre
301 1640 349 1674 non
359 1624 440 1672 molles
451 1623 530 1671 viros?

133 1690 262 1748 Feremus3
280 1698 304 1738 et
313 1699 337 1738 te
346 1689 384 1738 vel
393 1704 435 1752 per
444 1687 546 1751 Alpium
554 1687 621 1748 juga,

163 1754 334 1818 Inhospitalem
345 1762 368 1802 et
379 1753 519 1813 Caucasum,

133 1819 180 1867 Vel
191 1819 324 1867 Occidentis
333 1817 448 1881 usquead
459 1816 570 1866 ultimum
581 1814 674 1873 sinum„

166 1883 232 1931 Forti
243 1898 366 1946 sequemur
376 1891 474 1944 pectore.

133 1948 222 2011 Reges,
233 1955 302 1994 tuum
310 1947 390 1996 labore
400 1946 458 2010 quid
465 1948 547 2008 juvem
557 1959 618 2004 mec,

166 2011 272 2061 Imbellis
283 2026 310 2059 ac
320 2012 401 2059 firmus
412 2013 515 2074 parum?

134 2078 219 2128 Comes
229 2076 318 2124 minore
329 2091 381 2123 sum
391 2075 485 2124 futurus
495 2075 521 2122 in
530 2081 604 2135 metu,
669 2106 673 2119 s

167 2141 218 2201 Qui
227 2142 302 2203 maJ'cr
312 2142 416 2188 absentes
426 2139 513 2189 habeta

133 2208 170 2256 Ut
180 2205 282 2254 assidens
292 2204 445 2268 implumibus
455 2204 527 2267 pullis
538 2203 587 2252 avis

167 2270 314 2334 Serpentium
323 2270 425 2330 allapsus
434 2268 503 2316 timet

135 2334 216 2397 Magis
226 2334 324 2389 relictis3
344 2349 400 2394 non,
411 2341 438 2380 ut
448 2333 517 2394 adsit,
529 2331 604 2381 auxili

169 2399 258 2446 Iratum
267 2399 322 2460 plus
332 2397 493 2462 presentibus.

137 2460 249 2510 Libenter
258 2462 302 2510 hoc
313 2470 336 2510 et
346 2476 415 2510 omne
424 2462 564 2511 militabitur

169 2525 265 2573 Bellum
275 2526 301 2573 iu
311 2533 358 2574 tuse
369 2541 434 2588 spem
445 2526 541 2588 gratim

138 2590 195 2638 Nou
204 2597 232 2637 ut
240 2589 345 2650 juvencis
356 2590 446 2654 illigata
455 2590 562 2653 pluribus
