1800 2934
135 99 168 145 98
363 93 455 143 ODAE.
471 92 517 140 1v.
539 92 576 138 ld.

165 224 269 286 Quantis
278 225 386 288 fatigaret
395 221 486 278 ruinis;

197 289 327 338 Indomitos
335 303 407 352 prope
432 287 493 334 uilis
503 285 578 334 undas

131 355 232 404 Exeroet
241 356 337 414 Auster,
348 353 401 401 Plei
431 367 473 399 um
483 351 552 399 choro

132 419 255 468 Soindeute
264 421 347 477 nubes,
359 417 460 480 impiger
470 415 573 463 hostium

166 485 259 533 Verere
269 492 365 543 turmas,
377 491 401 530 et
410 481 546 529 frementem

196 548 293 597 Mittere
303 564 391 612 equum
401 546 490 594 medios
500 560 542 607 per
550 545 624 608 ignes.

132 613 171 662 Sic
181 613 320 661 tauriformis
330 613 431 661 volvitur
440 610 552 669 Aufidus,

132 677 183 737 Qui
192 693 264 742 regna
273 677 355 725 Dauni
364 675 465 740 proefluit
476 675 577 738 Appon,

165 742 228 791 Cum
238 743 310 802 saevit,
321 740 505 802 horrendamque
515 740 584 787 cultis

195 807 316 856 Diluviem
326 805 451 853 meditatru
461 804 537 868 agris;

131 872 168 920 Ut
176 874 326 920 barbarorum
337 870 450 919 Claudius
461 868 556 933 agmina

133 937 227 985 Ferrato
237 945 302 985 vasto
312 934 383 984 diruit
393 935 491 998 impetu,

164 1002 301 1064 Primosque
312 1009 335 1048 et
345 1009 460 1048 extremos
469 997 586 1058 metendo,

197 1066 283 1114 Stravit
292 1065 402 1125 humum,
415 1063 465 1112 sine
474 1064 540 1112 dode
550 1062 637 1119 ricton

132 1130 169 1178 Te
180 1130 264 1193 copias,
276 1129 433 1177 teoonsilium
443 1137 467 1176 et
477 1137 530 1176 tuos
695 1128 696 1131 ’

132 1195 253 1242 Praebente
263 1194 353 1251 Divos3
370 1209 426 1241 num
436 1193 489 1251 tibi,
500 1208 548 1257 quo
558 1190 596 1239 die

164 1259 249 1307 Portus
259 1259 410 1307 Alexandrea
420 1258 519 1322 supplex

196 1323 230 1371 Et
240 1339 338 1371 vacuum
347 1323 455 1387 patefecit
465 1322 553 1380 aulam,

130 1389 242 1450 Fortuna,
253 1389 327 1438 lustro
336 1402 445 1452 prospero
455 1387 531 1445 tertio,

131 1454 194 1503 Belli
204 1453 314 1501 secundos
324 1451 423 1500 reddidit
433 1452 517 1510 exitus,

47 1538 49 1545 ·
163 1518 316 1593 [eandemque
326 1524 349 1565 et
359 1523 466 1580 optutum
477 1515 575 1578 peractis

193 1583 302 1647 Imperiis
311 1581 380 1630 decus
390 1581 513 1643 arrogavit.

131 1647 168 1695 Te
179 1647 295 1696 Cantaber
304 1661 351 1695 non
361 1654 415 1694 aute
425 1644 558 1705 domabilis,

130 1711 271 1776 Medusque,
282 1720 306 1760 et
316 1710 399 1770 Indus,
410 1718 433 1758 te
443 1710 557 1774 prodigus
569 1710 665 1774 Scythes

162 1775 273 1837 Miratur,
283 1792 298 1824 o
308 1776 381 1824 tutela
390 1789 490 1840 presens

194 1841 270 1888 Italiae
280 1841 426 1904 dominisque
436 1841 536 1888 Romae!

129 1905 174 1964 Te,
186 1905 287 1952 fontium
314 1906 339 1952 ui
349 1906 408 1953 eelnt
418 1905 526 1967 origines,

130 1970 256 2034 Nilusque,
268 1979 291 2017 et
298 1922 371 2029 ister,
382 1978 405 2017 te
416 1969 511 2032 rapidus
521 1971 611 2034 Tigris,

161 2034 198 2082 Te
209 2034 327 2082 belluosus
337 2034 379 2098 qui
389 2033 483 2082 remotis

193 2099 315 2162 Obstrepit
325 2099 433 2148 Oceanus
443 2099 574 2161 Britannis,

129 2163 166 2211 Te
177 2178 224 2210 non
235 2164 339 2227 paventis
350 2163 432 2211 funera
441 2164 529 2225 „Galliae

128 2227 248 2292 Duraeque
257 2228 326 2293 tellus
336 2227 402 2275 audit
413 2228 512 2277 Iberiae:

161 2292 198 2340 Te
209 2292 270 2341 cede
281 2293 406 2357 gaudentes
417 2292 532 2342 Sicambri

193 2356 334 2420 Compositis
345 2366 483 2407 venerantur
493 2359 571 2407 armis.
