1800 2934
116 106 148 152 52
349 82 440 136 ODAE.
458 75 509 126 111.
524 72 552 119 3·

151 230 228 278 Taetu
238 226 338 280 leonem,
349 229 420 282 quem
431 213 526 260 crumta

185 294 230 340 Per
240 287 328 337 medias
337 280 398 346 rapit
407 279 442 325 ira
452 271 535 322 eadat.

120 358 197 409 Dulce
207 368 231 404 et
241 354 350 401 denorum
360 353 394 395 eet
404 357 446 406 pro
455 333 532 403 patrii
540 325 615 377 mori:

43 441 45 446 '
122 425 189 473 More
200 430 223 469 et
233 419 339 480 fugacem
349 404 494 476 persequitur
504 397 596 448 virum

155 488 207 536 Nec
216 483 289 550 parcit
299 475 398 527 imbellis
406 474 509 534 juventae

188 547 320 614 Poplitibus
331 538 440 589 timidove
450 542 522 592 tergo.

122 617 216 675 Virtus,
227 611 325 676 repulse
335 603 411 653 nescia
420 595 527 653 sordide,

127 677 275 732 Intaminatia
285 673 361 735 fulget
369 663 509 716 honoribus:

159 746 211 794 Nec
221 741 293 791 sumit
303 745 344 785 aut
354 730 420 797 ponit
430 737 519 775 secures

192 805 298 857 Arbitrio
307 795 425 865 popularis
435 805 505 839 aurae.

108 933 109 938 ,
127 877 220 933 Virtus,
231 867 351 919 recludens
361 854 482 909 immeritis
491 847 553 900 mori

130 940 232 996 celum,
244 931 329 995 negati
339 933 413 976 tentat
422 923 465 969 iter
475 918 529 972 rid3

164 1005 289 1063 Coetusque
299 994 406 1055 vulgares
416 996 439 1035 et
450 984 522 1032 udam

197 1062 290 1130 Spernit
299 1061 400 1122 huniam
409 1050 514 1113 fugiente
523 1037 610 1108 pennie
631 1080 634 1085 ,

133 1137 180 1187 Eat
190 1140 213 1180 et
223 1126 286 1177 fideli
296 1134 347 1172 tuta
358 1116 448 1168 rilentio
511 1138 513 1140 -

135 1199 242 1249 Meroerz
260 1191 352 1247 vetabo,
367 1184 409 1248 qui
419 1176 508 1229 Cereris
518 1181 611 1221 merum

167 1257 386 1322 vulgaritatem,
398 1248 441 1295 sub
451 1241 527 1290 isdem

202 1325 238 1373 Sit
248 1318 359 1375 trabibus,
369 1310 505 1374 fragilemve
514 1313 608 1349 mecum

138 1392 219 1444 Solvat
228 1383 346 1452 phaselon.
374 1378 440 1438 Saepe
451 1367 568 1432 Diespiter

140 1455 267 1518 Neglectus
277 1450 363 1496 ineeao
373 1437 462 1490 addidit
470 1436 603 1494 integrumr

155 1561 159 1566 ,
173 1522 238 1570 Raro
248 1509 419 1563 antecedentem
431 1500 552 1550 scelestum

148 1912 167 1960 J
168 1916 247 1958 ustum
257 1912 281 1954 et
291 1912 394 1952 tenacem
404 1889 516 1960 propositi
526 1885 603 1935 virum

149 1977 206 2025 Non
217 1971 303 2021 civium
313 1965 380 2014 ardor
390 1974 463 2026 prava
470 1948 612 2018 jubentium,

183 2039 240 2087 Non
251 2034 330 2083 vultur
340 2025 445 2077 instantis
456 2015 549 2084 tyranni

217 2100 300 2150 Mente
310 2094 385 2160 quatit
395 2087 478 2143 solidi,
489 2093 566 2145 neque
574 2074 663 2123 Auster

152 2170 212 2217 Dux
222 2162 320 2227 inquieti
330 2155 435 2207 turbidus
445 2148 535 2206 Adria,

153 2235 205 2283 Nec
215 2224 360 2277 fulminantis
371 2231 457 2280 magna
467 2212 534 2263 Jovir
544 2218 644 2256 manure

188 2296 214 2344 si
224 2293 309 2340 fractus
320 2289 428 2335 illabatur
439 2279 509 2339 orbis,

220 2353 371 2419 impavidum
381 2347 463 2396 ferient
472 2334 558 2390 ruinae.⁸

157 2426 211 2475 Hae
222 2429 270 2470 arte
281 2418 378 2473 Pollux,
390 2421 413 2460 et
423 2423 496 2471 vagus
507 2400 630 2460 uerene,

158 2489 255 2544 Eirieus,
267 2497 328 2531 arces
338 2475 415 2541 attigit
424 2474 519 2536 igneas3

192 2550 259 2611 Quor
268 2547 328 2594 inter
338 2543 463 2604 Augustus
472 2533 608 2582 recumbens

225 2613 346 2673 Purpureo
355 2605 416 2656 bibit
425 2617 465 2650 ore
474 2606 558 2646 nectar.

805 2105 828 2168 5.

799 2446 824 2494 lt)
