1800 2934
144 62 191 110 rso
253 34 257 39 ’
352 20 500 108 sauram.
516 57 553 131 u.
574 59 595 104 1.

142 186 298 239 Pantolabum
308 203 418 248 sennam,
428 188 651 250 Nomentanumque
658 186 781 250 nepotem!

142 255 205 303 Cum
216 254 259 302 sibi
269 253 368 330 quisque
379 251 454 312 fimet,
470 266 616 338 quamquam*
624 260 659 299 est
668 251 778 310 intactus,
779 260 814 363 ἐξ

141 383 166 446 ql
175 383 241 442 Quid
251 383 334 430 faciam
343 385 354 430 Ρ
372 381 446 430 Saltat
456 380 578 439 Milonius,
589 389 617 428 ut
627 380 699 428 semel
708 380 756 430 icto

140 447 246 496 Acoessit
255 447 329 495 fervor
340 447 417 510 capiti,
429 460 585 509 numerusque
595 444 702 492 lucernis.
778 447 813 492 25

140 512 223 560 Castor
232 511 318 575 gaudet
328 511 408 575 equis3
426 525 470 558 ovo
480 518 606 573 prognatus
616 509 706 567 eodem,

141 575 247 639 Pugnisz
264 584 322 640 quot
332 575 434 639 oapitum
444 574 534 629 vivunt,
545 573 643 621 totidem
654 573 784 621 studiorum

142 641 236 689 Milliaz
254 656 293 689 me
302 640 399 704 pedibus
410 639 507 686 delectat
517 637 623 685 elsudere
632 639 713 698 verba,

140 704 219 754 Lucili
230 705 285 763 ritu,
296 707 399 752 nostrum
409 702 511 751 melioris
521 711 626 765 utroque

141 770 187 818 llle
196 770 260 818 velut
269 769 321 816 fidis
332 780 414 816 mosne
424 767 541 815 sodalibus
550 767 607 815 olim
777 767 811 814 3⁰

140 834 255 882 Credebat
264 832 343 889 libris3
360 847 444 895 neque,
455 831 476 879 si
486 831 548 879 male
558 838 666 894 gesserat,
677 846 780 895 usquam

140 897 272 947 Deoua-rens
282 897 336 954 alio,
347 896 423 970 neque
433 895 453 943 si
462 897 537 953 bene3
555 911 602 959 quo
613 894 648 955 fit,
659 903 688 943 ut
698 896 773 944 omnis

139 962 227 1011 Votivi
237 969 315 1026 pateat
324 960 395 1010 velun
406 960 519 1024 descripta
529 960 615 1008 tabella

140 1026 198 1076 Vita
209 1027 275 1074 senis.
292 1027 380 1089 Sequor
389 1024 462 1086 hunc,
474 1026 584 1073 Lucanus
594 1039 624 1071 un
634 1024 757 1088 Appulus,
767 1039 811 1071 au-

140 1155 167 1203 N
167 1171 206 1202 am
215 1107 350 1203 Vcenqusinus
362 1162 412 1203 urat
420 1153 492 1202 finem
503 1134 546 1204 sub
556 1163 683 1218 utrumque
693 1090 810 1212 uolonu2s3:¹

139 1219 230 1267 Missus
241 1220 333 1278 adhoc,
345 1220 417 1284 pulsis
430 1221 506 1282 (vetus
516 1227 551 1267 est
560 1227 588 1266 ut
597 1217 671 1279 fama)
685 1217 795 1279 Sabellis,

139 1284 196 1342 Quo
206 1300 235 1332 ne
245 1301 286 1348 per
297 1300 397 1334 vacuum
408 1284 516 1331 Romano
523 1283 648 1331 incurreret
654 1283 742 1337 hostis3

140 1349 193 1398 Sive
203 1350 267 1412 quod
276 1349 374 1413 Appula
384 1363 448 1411 gens,
460 1363 500 1395 seu
511 1348 575 1411 quod
585 1347 691 1395 Lucania
701 1347 793 1395 bellum

101 1442 105 1446 -
139 1413 257 1462 Incuberet'
266 1413 373 1461 violenta.
399 1413 445 1460 Sed
455 1411 493 1460 hio
503 1412 569 1460 stilus
578 1411 641 1459 haud
651 1419 715 1474 petet
725 1411 788 1458 ultro

138 1477 290 1541 Quemquam
301 1478 454 1533 animantem
472 1485 495 1524 et
504 1491 543 1523 me
550 1476 622 1524 veluti
629 1475 741 1525 custodiet
748 1475 810 1523 ensis

138 1541 232 1606 Vagiui
240 1551 328 1596 tectum
347 1556 417 1605 quem
427 1556 469 1588 our
480 1541 618 1603 destringere
628 1555 705 1600 coner,
776 1540 807 1586 41

139 1606 217 1661 Tutus
227 1609 257 1655 ab
267 1606 354 1655 infestis
364 1605 510 1653 latronibus?
527 1604 552 1653 0
562 1613 627 1668 pater
638 1611 661 1651 et
670 1619 713 1653 rex

136 1671 246 1735 Jupiuer!
264 1680 292 1720 ut
301 1678 379 1735 pereat
388 1669 490 1734 positum
501 1669 607 1732 rubigine
617 1669 700 1728 telum,

137 1734 189 1782 Neo
199 1736 323 1799 quisquam
333 1744 413 1783 noceat
423 1734 507 1798 cupido
517 1732 576 1781 mihi
585 1732 663 1797 pacis!
681 1741 706 1781 at
716 1731 765 1792 ille,

136 1798 187 1856 Qui
197 1814 236 1849 me
246 1800 376 1859 oommbrit,
389 1799 490 1863 (Melius
497 1813 543 1845 non
551 1797 659 1861 tangere!
672 1798 757 1855 clamo)
776 1797 808 1843 45

136 1862 222 1923 Flebit,
234 1872 258 1915 et
267 1864 363 1927 insignis
373 1865 422 1912 toti
432 1863 562 1911 cantabitur
570 1863 635 1910 urbe.

132 1926 233 1978 Gervius
243 1927 315 1977 iratum
325 1928 387 1992 leges
396 1928 518 1975 minitatur
528 1935 551 1975 et
560 1941 659 1974 uruamz

137 1991 235 2039 Canidia
245 1992 343 2053 Albuci,
355 1992 439 2056 quibus
450 2000 485 2039 est
494 1990 595 2050 inimioa,
606 2004 738 2038 venenum:

138 2055 233 2104 Grande
241 2056 331 2103 malum
343 2057 440 2116 Turius,
452 2056 472 2103 si
482 2056 539 2120 quid
549 2071 573 2103 se
581 2055 659 2116 judice
669 2063 747 2102 cena.

135 2120 180 2180 Ut,
192 2136 239 2183 quo
250 2119 348 2184 quisque
357 2122 426 2180 valet,
438 2129 553 2184 suspectus
562 2127 654 2178 tameat,
665 2126 739 2182 utque
774 2121 807 2167 50

136 2184 240 2248 Imperet
249 2185 293 2234 boc
303 2193 386 2233 natura
395 2193 485 2249 potens,
496 2185 529 2233 sio
538 2183 620 2248 collige
629 2197 738 2230 mecum:

135 2247 214 2297 Dente
223 2250 302 2313 lupus,
314 2264 384 2298 oornu
395 2258 476 2297 murus
485 2248 559 2312 petit3
575 2247 646 2306 uude,
658 2247 703 2295 nisi
713 2246 779 2295 intras

136 2311 314 2362 Monstrstum?
331 2315 415 2362 &aava
425 2313 528 2361 vivaoem
538 2312 604 2361 crede
613 2311 693 2375 nepoti

135 2373 806 2440 Matrem...qu1faoietsoe1erispisuexurainrumt

135 2437 172 2484 Ut
180 2442 326 2552 nmqqsmloe
335 2442 406 2504 lupus
417 2456 568 2505 quemquam,
583 2456 659 2504 neque
668 2439 737 2490 dense
746 2440 814 2507 petit.

136 2560 182 2609 Sed
191 2557 254 2615 mala
264 2537 329 2617 tillet
338 2583 413 2618 enum
422 2568 501 2619 vitiato
510 2570 580 2620 melle
590 2569 671 2619 doun.
