1800 2934
303 103 449 154 SATIRAE.
468 106 489 154 1.
507 108 545 156 1⁰·
655 108 660 115 '
711 108 755 155 151

94 231 250 297 Quipulchre
260 232 352 281 nissen
369 234 528 283 sensistimus:
548 235 618 284 Unde
628 235 711 284 venis?
727 243 759 293 et,

94 298 149 358 Quo
160 296 254 346 tendis?
269 304 344 361 rogat,
356 299 517 362 etrespondet.
532 299 624 349 Vellere
634 300 701 362 cupi,
728 301 760 347 63

94 363 324 427 Ειρηιιιιιισιιιιιιιιι
335 362 463 411 lentissima
472 363 574 420 brechia,
585 374 678 420 nutans,

48 472 51 481 ,
94 426 250 491 Dismrquens
260 427 347 486 oculos,
358 436 386 474 ut
395 442 434 474 me
445 427 547 491 eriperet.
565 428 632 476 Male
642 429 715 476 salsus
728 429 761 475 65

95 491 184 539 Ridens
194 490 352 538 dissimulare:
369 505 449 538 meum
456 492 522 552 jecur
532 506 598 539 urere
608 492 667 539 bilis

95 556 119 617 11
128 555 197 604 Certe
207 554 351 618 neseio-quid
361 564 445 603 secreto
456 555 515 605 velle
524 555 589 618 loqui
599 565 622 603 te

95 620 182 668 Aiebss
192 635 292 667 mecum.
310 618 334 679 11
344 619 446 667 Memini
456 621 529 677 bene3
548 619 587 667 sed
597 619 687 668 meliori

16 736 17 741 ,
96 684 213 748 Tempore
223 683 313 731 dicem:
330 684 400 733 hodie
410 683 525 732 tricesima
535 685 640 732 sabbata:
660 683 716 732 vi’n’
728 693 754 733 tu

96 748 174 796 cartis
181 747 408 812 Judaeisoppedere?
426 749 450 811 qi
460 749 535 797 Nulla
540 749 608 807 mihi,
615 748 722 812 inquam,
731 751 763 804 70

95 812 198 875 Relligio
208 820 249 860 est.
265 813 334 875 int
343 814 393 860 mi:
411 828 464 860 sum
474 815 544 877 paulo
554 813 675 871 infirmior,
686 829 748 861 unus

40 899 44 911 ·
95 876 229 925 Multorum
236 876 368 940 3ignosces:
377 876 449 924 ulissl
480 895 529 927 uer.
537 877 764 940 qIHunednemlem

96 941 159 989 Tam
171 942 265 1004 nigrum
275 957 370 989 surrexe
379 940 437 988 mihi
446 942 453 988 1
497 943 531 1006 git
541 943 669 1007 improbus,
681 958 709 991 su
717 957 757 990 me

95 1006 145 1054 Sub
155 1006 230 1054 cultro
239 1005 331 1069 linquit.
348 1005 410 1053 Gssu
421 1006 484 1054 venit
493 1007 575 1056 obvius
585 1007 620 1055 illi

95 1069 263 1118 Adversarius:
281 1078 312 1130 et,
324 1070 380 1129 Quo
390 1079 425 1129 tu,
437 1071 585 1135 turpissime?
601 1073 689 1136 magud
732 1071 764 1128 75

95 1134 221 1182 Exclamat
231 1149 294 1195 vore,
307 1143 338 1195 et,
351 1135 417 1182 lieet
427 1136 554 1184 antestari?
571 1136 624 1200 Ego
635 1153 689 1186 vero

96 1198 198 1262 Oppono
209 1199 351 1247 auriculsmx
363 1199 425 1263 rapit
434 1199 459 1246 in
468 1200 523 1261 jus;
536 1200 620 1248 elamor
631 1203 763 1266 utrimque:

95 1262 207 1329 Undique
218 1277 348 1312 concursus.
365 1264 405 1313 Sic
414 1279 454 1313 me
463 1264 561 1313 serravit
570 1266 666 1329 Apollo.

341 1462 473 1513 SATIRA
489 1464 523 1513 X.

242 1594 275 1640 Ιιι
286 1593 374 1658 inspius
385 1596 477 1643 Lucilii
487 1597 612 1643 Fautores.

94 1721 159 1771 Nem
200 1721 350 1786 incomposito
360 1723 410 1770 dixi
466 1740 479 1772 e
489 1739 578 1772 currere
585 1738 663 1773 versus

94 1737 190 1839 Lucilii
208 1786 260 1850 quis
271 1795 319 1834 tem
330 1787 409 1835 Lucili
430 1796 497 1835 autur
506 1788 583 1852 inepte
593 1796 636 1849 est,

94 1851 132 1899 Ut
141 1866 189 1900 uon
199 1851 244 1899 hoe
253 1851 371 1900 fetentur?
387 1853 424 1899 At
433 1851 505 1911 idem,
517 1853 580 1917 quod
590 1854 637 1902 sale
646 1856 723 1903 multo

94 1916 186 1963 Urbem
196 1915 311 1976 defricuit,
323 1916 402 1964 ehsrtd
411 1916 521 1965 laudatur
530 1918 618 1966 eidem.

94 1980 148 2028 Nes
162 1989 249 2040 tumen,
265 1980 310 2029 huc
324 1981 436 2043 tribuens,
453 1981 555 2030 dederim
566 1999 659 2049 quoque
669 1993 764 2033 cetere:
809 2007 813 2017 ·

194 2060 250 2092 nsm
261 2045 294 2093 sic
590 2078 592 2081 -
626 2073 628 2078 ·
748 2051 764 2095 5

95 2107 130 2156 Et
141 2108 228 2158 Laberi
238 2111 332 2171 mimos,
343 2120 372 2159 ut
381 2111 479 2176 pulchre
488 2113 604 2177 podmsus>
615 2114 692 2163 mirer.

95 2173 161 2236 Ergo
171 2188 219 2222 non
230 2174 284 2223 satis
294 2184 329 2223 est
338 2175 386 2224 risu
397 2176 504 2225 diducere
513 2178 597 2226 rictum
646 2198 648 2201 ·

95 2238 218 2287 Auditmis
231 2240 265 2304 (et
273 2248 307 2288 est
313 2240 420 2304 quoedam
430 2250 508 2290 temen
516 2242 556 2290 hie
564 2242 762 2306 quoquevirtusm

95 2302 141 2350 Est
151 2302 262 2352 brevitate
272 2320 339 2369 opus,
351 2314 378 2352 ut
389 2314 466 2353 currat
475 2306 595 2364 sententia,
604 2321 651 2354 neu
660 2322 685 2354 se

95 2365 214 2430 Impediat
225 2370 300 2417 verbis
309 2369 381 2418 lassas
391 2371 538 2419 onerantibus
548 2386 629 2418 aurete
735 2371 765 2419 10

95 2431 130 2479 Et
141 2447 246 2481 sermone
255 2449 314 2509 opus
325 2442 359 2482 est
369 2434 439 2483 modo
449 2435 517 2494 tristi,
529 2450 589 2497 eoepe
597 2435 690 2496 jouoso3

95 2493 243 2545 Defendente
253 2513 327 2546 vreem
337 2499 406 2547 modo
416 2499 513 2547 rhetoris
523 2508 592 2563 utque
602 2499 684 2562 poids,

96 2556 219 2609 Interdum
229 2563 321 2622 urbani,
332 2563 446 2628 persentis
457 2564 553 2623 viribus,
564 2571 633 2625 utque
