1800 2934
63 140 67 145 ’
142 120 188 168 160
350 118 497 169 SATIRAE·
516 118 553 168 11.
569 121 593 166 2.

139 247 248 298 Convivis
258 247 370 312 prebebit
379 262 480 312 aquamr
497 248 580 298 vidum
587 242 809 360 hocquoquemspp

236 329 302 361 num.

126 374 228 441 'Accipe
238 392 309 438 nunc,
322 379 395 428 victus
405 378 481 426 tenuis
492 394 544 442 quae
554 385 687 442 quantaque
696 392 775 426 secum

137 442 236 507 Aderat.
264 443 294 490 In
305 443 386 506 primis
396 444 471 493 valeas
480 445 552 501 bene3
570 457 625 490 nam
635 441 706 489 varia
715 453 752 490 res

138 506 174 554 Ut
184 516 281 554 noceant
290 507 389 566 homini,
400 508 486 565 credas,
496 522 586 555 memor
596 507 659 554 illius
670 521 735 565 esca,

137 569 200 629 Quae
210 572 309 635 simplex
319 573 376 620 olim
386 573 429 621 tibi
439 570 535 620 sederitc
553 579 586 630 at,
597 571 669 619 simul
677 571 734 618 assis

138 633 262 684 Miscueris
273 636 342 697 elixa,
354 638 423 686 simul
434 635 554 699 conchylis
563 635 651 692 turdis3
771 635 807 690 74

137 698 224 748 Dulcia
234 717 258 748 se
267 701 292 747 in
303 702 374 750 bilem
385 708 482 759 vertent,
492 700 655 762 stomachoque
665 700 796 747 tumultum

138 763 215 811 Lenta
225 765 282 813 feret
292 766 381 827 pituita
410 763 491 823 Vides,
502 774 530 811 ut
539 764 639 828 pallidus
649 763 725 812 omnir

137 827 210 876 Coend
220 828 328 892 desurgat
338 828 427 877 duone
444 828 511 888 Quin
522 844 604 892 corpus
614 836 725 876 onustum

137 891 259 941 Hestemis
270 894 331 941 vitiis
341 894 446 941 animum
457 909 550 957 quoque
560 901 687 956 praegravat
697 892 755 953 und,

136 955 219 1020 Atque
228 958 310 1021 affligit
320 958 393 1005 humo
403 958 487 1006 divina
497 957 634 1021 particulam
644 972 715 1004 auree.

137 1020 214 1080 Alter,
225 1022 267 1068 ubi
277 1022 337 1069 dicto
347 1022 414 1070 citius
424 1030 504 1071 curata
513 1022 588 1084 sopori
767 1023 803 1070 80

137 1085 248 1132 Membra
259 1085 330 1145 dedit,
341 1096 435 1150 vegetus
449 1086 581 1149 prescripta
591 1086 621 1133 ad
630 1084 713 1134 munia
722 1086 805 1148 surgit.

137 1149 186 1197 Hic
196 1157 273 1196 tamen
283 1150 313 1197 nd
324 1151 407 1199 melius
418 1151 502 1215 poterit
512 1160 664 1198 transcurrere
671 1150 804 1213 quondam

137 1213 191 1262 Sive
200 1213 263 1260 diem
273 1214 359 1263 festum
370 1215 461 1263 rediens
471 1213 593 1262 adduxerit
603 1229 686 1272 annus,

137 1277 184 1326 Seu
194 1292 294 1327 mereare
305 1279 365 1328 volet
376 1287 496 1328 tenuatum
506 1294 604 1342 corpus3
621 1277 709 1341 ubique

97 1346 99 1350 ⁴
135 1341 255 1390 Accedent
264 1344 328 1404 anni,
340 1353 363 1392 et
373 1345 465 1392 mactari
474 1343 568 1391 mollins
579 1351 634 1390 aetas
684 1358 686 1363 ’
771 1344 805 1390 85

137 1405 258 1454 Imbee'dla
268 1409 337 1456 volet.
366 1408 423 1457 Tibi
433 1408 544 1472 quidnam
556 1407 646 1455 madet
655 1406 686 1454 ad
696 1406 780 1466 istam‚'

137 1470 218 1529 Quam
228 1488 285 1535 puer
296 1481 319 1519 et
328 1473 418 1521 validus
428 1472 557 1536 praesumis,
568 1471 705 1525 mollitieme
722 1486 763 1518 seu

136 1535 205 1583 Dura
215 1535 322 1584 valetudo
332 1537 444 1597 inciderit,
457 1553 497 1584 seu
508 1536 573 1583 tarda
583 1535 704 1583 senectus?

136 1600 270 1648 Rancidum
280 1617 363 1664 aprum
373 1601 463 1665 antiqui
472 1601 607 1662 laudabant,
616 1615 662 1648 nou
671 1598 727 1663 quia
734 1613 806 1649 nasus

134 1664 188 1711 Illis
198 1666 278 1713 nullus
289 1674 345 1726 erat,
356 1666 396 1713 sed
406 1664 495 1726 (credo)
504 1664 548 1713 hac
554 1674 641 1724 mente,
650 1663 714 1728 quod
721 1664 806 1727 hospes

137 1728 238 1776 nardius
247 1730 369 1779 adveniens
379 1730 486 1778 vitiatum
497 1729 649 1787 commodius,
661 1743 733 1792 quam
771 1729 804 1776 91

136 1791 259 1855 Integrum
276 1795 335 1843 edax
350 1795 458 1843 dominus
471 1801 621 1842 consumeret.
647 1793 699 1841 Hos
713 1792 807 1839 utinam

232 1858 291 1906 inter

137 1920 227 1969 Heroas
236 1931 319 1970 notum
330 1925 399 1972 tellus
410 1939 448 1972 me
459 1923 534 1987 prima
543 1923 647 1971 tulisset!

136 1985 187 2033 Des
197 1985 286 2049 aliquid
295 1987 373 2046 fama,
384 2005 438 2052 quae
447 1988 549 2036 carmine
559 1988 645 2051 gratior
654 2001 735 2034 eurem

135 2049 242 2114 Occupet
251 2050 397 2099 humanam?
413 2052 511 2116 grandes
520 2053 612 2100 rhombi
622 2051 754 2115 patinaeque
767 2051 804 2098 95

136 2115 231 2162 Grande
241 2114 319 2162 ferunt
329 2117 377 2169 und
387 2132 442 2164 cum
453 2117 539 2164 damno
549 2116 661 2164 dedecus:
678 2115 738 2162 adde

136 2179 228 2226 Iratum
239 2188 358 2241 patruum,
370 2181 464 2241 vicinos,
475 2189 500 2228 te
510 2180 552 2228 tibi
562 2180 679 2244 iniquum,

135 2243 170 2292 Et
178 2243 263 2291 frustra
273 2245 353 2292 mortis
364 2244 484 2308 cupidum,
496 2260 550 2292 cum
560 2244 632 2292 deerit
642 2243 719 2306 egenti

78 2365 80 2371 ἲ
135 2308 180 2362 As,
190 2308 268 2371 laquei
277 2309 389 2371 pretium
409 2309 428 2356 J
429 2325 478 2367 ure,
489 2308 574 2373 inquit,
586 2307 700 2356 Transius
709 2306 760 2354 istis

135 2371 250 2433 Jurgatur
261 2373 348 2420 verbis:
367 2373 539 2437 egnvcctigalia
548 2388 642 2435 magna,
756 2372 807 2418 100

135 2432 281 2498 Divitiasque
292 2437 365 2484 haheo
376 2437 449 2484 tribus
460 2437 549 2500 amplas
560 2437 660 2499 regibus.
685 2435 759 2498 Ergo,

136 2496 208 2554 Quod
218 2508 317 2561 superet,
328 2515 376 2549 non
384 2508 425 2559 est,
437 2502 521 2549 melius
527 2516 574 2565 quo
584 2501 700 2549 insumere
710 2498 808 2563 possis?

136 2558 185 2605 Cur
237 2563 365 2626 tindignus
375 2581 392 2628 q
409 2565 415 2576 ’
443 2580 508 2625 uam,
520 2573 543 2613 te
554 2565 644 2613 divite?
660 2579 733 2629 querc

136 2576 236 2685 Tnnhdd
245 2634 318 2674 ruunt
327 2628 424 2692 antiqua
459 2631 532 2678 edm?
548 2644 598 2692 cur,
608 2629 723 2695 improbe,
735 2642 799 2677 ceres
